%% This BibTeX bibliography file was created using BibDesk.
%% https://bibdesk.sourceforge.io/

%% Created for Johannes Pusicha at 2022-07-20 10:57:34 +0200 


%% Saved with string encoding Unicode (UTF-8) 



@misc{huchElektrischeMaschinen2022,
	abstract = {Skript zum Fachpraktikum "Elektrische Maschinen" mit Aufbau, Wirkungsweise, Grundlagen der mathematischen Beschreibung, Ersatzschaltbildern und Zeigerbildern zum Drehstromtransformator, der Drehstromasynchronmaschine mit Schleifringl{\"a}ufer, der Gleichstrommaschine und der Synchronmaschine sowie der Beschreibung der zugeh{\"o}rigen Praktikumsversuche und den jeweiligen Aufgabenstellungen.},
	author = {Huch, Jonas and Turschner, Dirk and },
	citation_author = {Turschner, Dirk},
	citation_publication_date = {2022/07/05},
	citation_title = {Elektrische Maschinen: Skript zum Fachpraktikum},
	date-added = {2022-07-20 10:56:37 +0200},
	date-modified = {2022-07-20 10:56:37 +0200},
	dc.date = {2022-07-05},
	dc.rights = {info:eu-repo/semantics/openAccess},
	dc.type = {teaching_material},
	month = {07},
	title = {Elektrische Maschinen: Skript zum Fachpraktikum},
	viewport = {width=device-width, initial-scale=1.0},
	year = {2022},
	bdsk-file-1 = {YnBsaXN0MDDSAQIDBFxyZWxhdGl2ZVBhdGhZYWxpYXNEYXRhXxAmLi4vLi4vRG93bmxvYWRzL1NrcmlwdF9GUF9lbF9NYXNjaC5wZGZPEQF0AAAAAAF0AAIAAAlBUFBMRSBTU0QAAAAAAAAAAAAAAAAAAAAAAAAAAAAAQkQAAf////8WU2tyaXB0X0ZQX2VsX01hc2NoLnBkZgAAAAAAAAAAAAAAAAAAAAAAAAAAAAAAAAAAAAAAAAAAAAAAAAAAAAAA/////wAAAAAAAAAAAAAAAAACAAIAAAogY3UAAAAAAAAAAAAAAAAACURvd25sb2FkcwAAAgA4LzpVc2Vyczpqb2hhbm5lc3B1c2ljaGE6RG93bmxvYWRzOlNrcmlwdF9GUF9lbF9NYXNjaC5wZGYADgAuABYAUwBrAHIAaQBwAHQAXwBGAFAAXwBlAGwAXwBNAGEAcwBjAGgALgBwAGQAZgAPABQACQBBAFAAUABMAEUAIABTAFMARAASADZVc2Vycy9qb2hhbm5lc3B1c2ljaGEvRG93bmxvYWRzL1NrcmlwdF9GUF9lbF9NYXNjaC5wZGYAEwABLwAAFQACABb//wAAAAgADQAaACQATQAAAAAAAAIBAAAAAAAAAAUAAAAAAAAAAAAAAAAAAAHF}}

@thesis{alibrahimSimulationsmodellDoppeltGespeisten2017,
	author = {Alibrahim, Mahfoud},
	date = {2017},
	file = {/Users/johannespusicha/Zotero/storage/I6EVF38F/Alibrahim - Simulationsmodell einer doppelt gespeisten Asynchr.pdf},
	keywords = {A Stapel,{\"a}hnliches Thema},
	langid = {ngerman},
	title = {Simulationsmodell einer doppelt gespeisten Asynchronmaschine}}

@article{AllgemeinePraktikantenrichtlinie,
	file = {/Users/johannespusicha/Zotero/storage/BZY93T5G/Allgemeine Praktikantenrichtlinie.pdf},
	langid = {ngerman},
	pages = {17},
	title = {Allgemeine Praktikantenrichtlinie}}

@misc{AusfuhrungsbestimmungenBAMbPdf,
	file = {/Users/johannespusicha/Zotero/storage/GQC4VS6A/Ausf{\"u}hrungsbestimmungen_BA-Mb.pdf},
	title = {Ausf{\"u}hrungsbestimmungen\_{{BA-Mb}}.Pdf}}

@misc{bartelsSeminarfacharbeitAutonomesFahren2017,
	author = {Bartels, Adrian and Pusicha, Johannes},
	date = {2017},
	file = {/Users/johannespusicha/Zotero/storage/NSVMGFKH/Seminarfacharbeit - Autonomes Fahren.pdf},
	title = {Seminarfacharbeit - {{Autonomes Fahren}}.Pdf}}

@article{bauerModellbasierteValidierungPrufstandsdynamik2021,
	author = {Bauer, Lukas and Bauer, Manuel and Kley, Markus},
	date = {2021},
	file = {/Users/johannespusicha/Zotero/storage/34GR9EQE/Bauer et al. - 2021 - Modellbasierte Validierung der Pr{\"u}fstandsdynamik z.pdf},
	langid = {ngerman},
	pages = {12},
	title = {Modellbasierte Validierung der Pr{\"u}fstandsdynamik zur Erprobung von Komponenten elektrifizierter Antriebsstr{\"a}nge mithilfe eines digitalen Zwillings}}

@unpublished{beckElektrischeEnergietechnikEinfuhrung2008,
	author = {Beck, Prof. Dr. Hans Peter and Turschner, Dr.-Ing. Dirk},
	date = {2008},
	file = {/Users/johannespusicha/Zotero/storage/4CNDZX4M/Skript Leistungsmechatronische Systeme.pdf;/Users/johannespusicha/Zotero/storage/WYKN4RGI/SkriptElektrischeEnergietechnikVollstaendig.pdf},
	keywords = {B Stapel},
	location = {{Clausthal-Zellerfeld}},
	pagetotal = {152},
	title = {Elektrische {{Energietechnik}} - {{Eine Einf{\"u}hrung}} in Die {{Enegieumwandlung}}}}

@book{behrendsElektrischeMaschinen2011,
	author = {Behrends, Peter},
	date = {2011},
	isbn = {978-3-8343-3190-8},
	series = {Die {{Meisterpr{\"u}fung}} | {{Vogel-Fachbuch}}},
	title = {Elektrische {{Maschinen}}},
	type = {Band}}

@book{benderDubbelTaschenbuchFur2020,
	date = {2020},
	edition = {26., {\"u}berarbeitete Auflage},
	editor = {Bender, Beate and G{\"o}hlich, Dietmar and Dubbel, Heinrich},
	file = {/Users/johannespusicha/Zotero/storage/GI4Q343E/Bender et al. - 2020 - Dubbel Taschenbuch f{\"u}r den Maschinenbau. 2 Anwend.pdf},
	isbn = {978-3-662-59713-2 978-3-662-59712-5},
	langid = {german},
	location = {{Berlin [Heidelberg]}},
	pagetotal = {1374},
	publisher = {{Springer Vieweg}},
	shorttitle = {Dubbel Taschenbuch f{\"u}r den Maschinenbau. 2},
	title = {Dubbel Taschenbuch f{\"u}r den Maschinenbau. 2: Anwendungen / Beate Bender, Dietmar G{\"o}hlich (Hrsg.)}}

@book{benderDubbelTaschenbuchFur2020a,
	date = {2020},
	doi = {10.1007/978-3-662-59711-8},
	editor = {Bender, Beate and G{\"o}hlich, Dietmar},
	file = {/Users/johannespusicha/Zotero/storage/Y6V2RSII/Bender und G{\"o}hlich - 2020 - Dubbel Taschenbuch f{\"u}r den Maschinenbau 1 Grundla.pdf},
	isbn = {978-3-662-59710-1 978-3-662-59711-8},
	langid = {ngerman},
	location = {{Berlin, Heidelberg}},
	publisher = {{Springer Berlin Heidelberg}},
	shorttitle = {Dubbel Taschenbuch f{\"u}r den Maschinenbau 1},
	title = {Dubbel Taschenbuch f{\"u}r den Maschinenbau 1: Grundlagen und Tabellen},
	bdsk-url-1 = {https://doi.org/10.1007/978-3-662-59711-8}}

@book{benderDubbelTaschenbuchFur2020b,
	date = {2020},
	doi = {10.1007/978-3-662-59715-6},
	editor = {Bender, Beate and G{\"o}hlich, Dietmar},
	file = {/Users/johannespusicha/Zotero/storage/WE7QUPWX/Bender und G{\"o}hlich - 2020 - Dubbel Taschenbuch f{\"u}r den Maschinenbau 3 Maschin.pdf},
	isbn = {978-3-662-59714-9 978-3-662-59715-6},
	langid = {ngerman},
	location = {{Berlin, Heidelberg}},
	publisher = {{Springer Berlin Heidelberg}},
	shorttitle = {Dubbel Taschenbuch f{\"u}r den Maschinenbau 3},
	title = {Dubbel Taschenbuch f{\"u}r den Maschinenbau 3: Maschinen und Systeme},
	bdsk-url-1 = {https://doi.org/10.1007/978-3-662-59715-6}}

@misc{BetriebshandbuchAJRCombi540,
	file = {V\:\\prak\\J.Pusicha\\02_BA\\02_Literatur\\Handb{\"u}cher\\AJR-60\\Betriebshandbuch_AJRCombi_5-40_60.pdf},
	title = {Betriebshandbuch\_{{AJRCombi}}\_5-40\_60.Pdf}}

@book{binderElektrischeMaschinenUnd2012,
	author = {Binder, Andreas},
	date = {2012},
	doi = {10.1007/978-3-540-71850-5},
	file = {/Users/johannespusicha/Zotero/storage/H5ICZE8J/Elektrische Maschinen und Antriebe.pdf},
	isbn = {978-3-540-71849-9},
	keywords = {A Stapel},
	langid = {ngerman},
	location = {{Berlin, Heidelberg}},
	publisher = {{Springer Berlin Heidelberg}},
	shorttitle = {Elektrische Maschinen und Antriebe},
	title = {Elektrische Maschinen und Antriebe: Grundlagen, Betriebsverhalten},
	bdsk-url-1 = {https://doi.org/10.1007/978-3-540-71850-5}}

@unpublished{binderVorlesungElektrischeMaschinen2019,
	author = {Binder, Andreas},
	date = {2019},
	file = {/Users/johannespusicha/Zotero/storage/AHXG4GD5/EMA_Skript_2019.pdf},
	howpublished = {Vorlesungsskript},
	keywords = {A Stapel},
	langid = {ngerman},
	location = {{Darmstadt}},
	pagetotal = {302},
	title = {Vorlesung Elektrische Maschinen und Antriebe},
	url = {https://www.ew.tu-darmstadt.de/ew_lehre/ew_vorlesungen/ew_lv_ema/index.de.jsp},
	urldate = {2022-01-10},
	bdsk-url-1 = {https://www.ew.tu-darmstadt.de/ew_lehre/ew_vorlesungen/ew_lv_ema/index.de.jsp}}

@unpublished{binderVorlesungElektrischeMaschinen2022,
	author = {Binder, Andreas},
	date = {2022-01-10},
	file = {/Users/johannespusicha/Zotero/storage/39KRDE8L/Kapitel 10.pdf;/Users/johannespusicha/Zotero/storage/48LFT39C/Kapitel 5.pdf;/Users/johannespusicha/Zotero/storage/6VDMXWXH/Kapitel 8.pdf;/Users/johannespusicha/Zotero/storage/9MUFNC2A/Kapitel 2.pdf;/Users/johannespusicha/Zotero/storage/CRE3SFU4/Kapitel 1.pdf;/Users/johannespusicha/Zotero/storage/I68538Q8/Kapitel 9.pdf;/Users/johannespusicha/Zotero/storage/JNVVYUCY/Kapitel 4.pdf;/Users/johannespusicha/Zotero/storage/KUJW6TGU/Kapitel 6.pdf;/Users/johannespusicha/Zotero/storage/MZE2NHZV/Kapitel 7.pdf;/Users/johannespusicha/Zotero/storage/WBZMYZDD/Kapitel 3.pdf},
	keywords = {B Stapel},
	langid = {ngerman},
	title = {Vorlesung Elektrische Maschinen und Antriebe},
	type = {Vorlesung},
	url = {https://www.ew.tu-darmstadt.de/ew_lehre/ew_vorlesungen/ew_lv_ema/index.de.jsp},
	venue = {{Technische Universit{\"a}t Darmstadt}},
	bdsk-url-1 = {https://www.ew.tu-darmstadt.de/ew_lehre/ew_vorlesungen/ew_lv_ema/index.de.jsp}}

@book{bohnIdentifikationDynamischerSysteme2016,
	author = {Bohn, Christian and Unbehauen, Heinz},
	date = {2016},
	doi = {10.1007/978-3-8348-2197-3},
	editora = {Springer Fachmedien Wiesbaden},
	editoratype = {collaborator},
	file = {/Users/johannespusicha/Zotero/storage/7XALGLU2/Bohn-Unbehauen2016_Book_IdentifikationDynamischerSyste.pdf},
	isbn = {978-3-8348-2197-3 978-3-8348-1755-6},
	keywords = {A Stapel},
	langid = {german},
	location = {{Wiesbaden}},
	pagetotal = {698},
	publisher = {{Springer Vieweg}},
	series = {Springer Lehrbuch},
	shorttitle = {Identifikation dynamischer Systeme},
	title = {Identifikation dynamischer Systeme: Methoden zur experimentellen Modellbildung aus Messdaten},
	bdsk-url-1 = {https://doi.org/10.1007/978-3-8348-2197-3}}

@unpublished{bohnRegelungstechnik2019,
	author = {Bohn, Prof. Dr. Christian},
	date = {2019},
	howpublished = {Foliensatz},
	keywords = {A Stapel},
	langid = {ngerman},
	location = {{TU Clausthal}},
	pagetotal = {637},
	title = {Regelungstechnik I}}

@misc{bohnStudentischeArbeitenPdf,
	author = {Bohn, Prof. Dr. Christian},
	file = {/Users/johannespusicha/Zotero/storage/YC8TGQS2/Studentische_Arbeiten.pdf},
	title = {Studentische\_{{Arbeiten}}.Pdf}}

@book{bonfertBetriebsverhaltenSynchronmaschine1962,
	author = {Bonfert, K.},
	date = {1962},
	doi = {10.1007/978-3-662-11245-8},
	file = {/Users/johannespusicha/Zotero/storage/DBQMQNRK/Bonfert1962_Book_BetriebsverhaltenDerSynchronma.pdf},
	isbn = {978-3-662-11246-5},
	keywords = {B Stapel},
	langid = {ngerman},
	location = {{Berlin, Heidelberg}},
	publisher = {{Springer Berlin Heidelberg}},
	title = {Betriebsverhalten der Synchronmaschine},
	bdsk-url-1 = {https://doi.org/10.1007/978-3-662-11245-8}}

@book{borutzkyBondGraphModelling2011,
	date = {2011},
	doi = {10.1007/978-1-4419-9368-7},
	editor = {Borutzky, Wolfgang},
	file = {/Users/johannespusicha/Zotero/storage/EZAP75HS/Borutzky - 2011 - Bond Graph Modelling of Engineering Systems.pdf},
	isbn = {978-1-4419-9367-0},
	langid = {english},
	location = {{New York, NY}},
	publisher = {{Springer New York}},
	title = {Bond {{Graph Modelling}} of {{Engineering Systems}}},
	bdsk-url-1 = {https://doi.org/10.1007/978-1-4419-9368-7}}

@book{bosselModellbildungUndSimulation1992,
	author = {Bossel, Hartmut},
	date = {1992},
	doi = {10.1007/978-3-322-83658-8},
	file = {/Users/johannespusicha/Zotero/storage/UHT3XGRQ/Bossel - 1992 - Modellbildung und Simulation.pdf},
	isbn = {978-3-528-05242-3 978-3-322-83658-8},
	langid = {ngerman},
	location = {{Wiesbaden}},
	publisher = {{Vieweg+Teubner Verlag}},
	title = {Modellbildung und Simulation},
	bdsk-url-1 = {https://doi.org/10.1007/978-3-322-83658-8}}

@article{brunbergSimulationPhysiologischerRegelkreise2011,
	abstract = {HumanLib'' is an objectoriented model library with components of the human cardiovascular system and physiological control mechanisms. In this paper, after specifying structure and modeling methods, simulated data is compared to measured data of an experimental calf model and to physiological textbook data.},
	author = {Brunberg, Anja and Spillner, Jan and Autschbach, R{\"u}diger and Abel, Dirk},
	date = {2011-10},
	doi = {10.1524/auto.2011.0951},
	file = {/Users/johannespusicha/Zotero/storage/UJKZK7N2/Brunberg et al. - 2011 - Simulation physiologischer Regelkreise mit der obj.pdf},
	issn = {2196-677X, 0178-2312},
	journaltitle = {auto},
	langid = {ngerman},
	number = {10},
	pages = {649--655},
	title = {Simulation physiologischer Regelkreise mit der objektorientierten Modellbibliothek ``HumanLib''},
	volume = {59},
	bdsk-url-1 = {https://doi.org/10.1524/auto.2011.0951}}

@thesis{buchnerModellierungUndIdentifikation2014,
	author = {B{\"u}chner, Steffen},
	date = {2014-07-04},
	file = {/Users/johannespusicha/Zotero/storage/453Y7UTN/ilm1-2014000463.pdf},
	institution = {{Technische Universit{\"a}t Ilmenau}},
	keywords = {A Stapel},
	langid = {ngerman},
	pagetotal = {178},
	title = {Modellierung und Identifikation elektromechanischer Aktoren am Beispiel einer Dieselregelklappe}}

@book{budakerAuslegungMultidomanenSystemenAnalyse2012,
	author = {Budaker, Bernhard},
	date = {2012},
	file = {/Users/johannespusicha/Zotero/storage/ZX42GKDJ/Budaker - 2012 - Auslegung von Multidom{\"a}nen-Systemen Analyse, Mode.pdf},
	isbn = {978-3-8396-0479-3},
	keywords = {C Stapel},
	langid = {german},
	location = {{Stuttgart}},
	number = {6},
	pagetotal = {224},
	publisher = {{Fraunhofer Verl}},
	series = {Stuttgarter Beitr{\"a}ge zur Produktionsforschung},
	shorttitle = {Auslegung von Multidom{\"a}nen-Systemen},
	title = {Auslegung von Multidom{\"a}nen-Systemen: Analyse, Modellierung und Realisierung von mechatronischen Systemen am Beispiel einer aktiven Knieprothese}}

@book{bungartzModellbildungUndSimulation2013,
	author = {Bungartz, Hans-Joachim and Zimmer, Stefan and Buchholz, Martin and Pfl{\"u}ger, Dirk},
	date = {2013},
	doi = {10.1007/978-3-642-37656-6},
	file = {/Users/johannespusicha/Zotero/storage/VBGNCCRL/Bungartz et al. - 2013 - Modellbildung und Simulation.pdf},
	isbn = {978-3-642-37655-9 978-3-642-37656-6},
	keywords = {C Stapel},
	langid = {ngerman},
	location = {{Berlin, Heidelberg}},
	publisher = {{Springer Berlin Heidelberg}},
	series = {eXamen.press},
	title = {Modellbildung und Simulation},
	bdsk-url-1 = {https://doi.org/10.1007/978-3-642-37656-6}}

@thesis{calisModelicaSimulationFeldorientiertGeregelten,
	author = {Calis, Emine},
	file = {/Users/johannespusicha/Zotero/storage/66NT49CT/Calis - Fakult{\"a}t f{\"u}r Elektrotechnik und Informationstechni.pdf},
	keywords = {A Stapel},
	langid = {ngerman},
	title = {Modelica-Simulation einer feldorientiert geregelten Asynchronmaschine mit integrierter Nachf{\"u}hrung der Maschinenparameter}}

@article{chandaUSEARNOCONVERTER,
	abstract = {This method is used to control the speed of a three-phase induction motor by using a three-phase to three-phase cycloconverter from a single-phase supply and to compare the use of ARNO converter and motor-generator set to convert a single-phase supply to a three-phase supply. ARNO converter is a rotating device which convert single-phase AC to three-phase AC. The threephase supply needed for the three-phase induction motors which used in blowers, exhausters an oil pumps. A motor-generator set is a device for converting electrical power to another form. They are used to convert frequency, voltage or phase of power. Thus, both ARNO converter and motorgenerator set have been used here one at a time to convert a single-phase AC supply to three-phase AC. Both have their own advantages and disadvantages. After that, the three-phase supply has been given to three-phase to three-phase cycloconverter. Cycloconverters are used to convert a single-phase or threephase AC to variable magnitude or variable frequency, single-phase or threephase AC without a DC link. This cycloconverter is then connected to a threephase induction motor to control their speed. The formula for the speed of an induction motor is Ns=120f/p. So, here the speed is dependent on frequency and no. of poles. It is directly proportional to the frequency and inversely proportional to the no. of poles. Since, cycloconverter is a frequency changing device. Thus, it plays a great role to control the speed of the induction motor by varying its frequency. Among all the methods, this method is economical, reliable and simple.},
	author = {Chanda, Arunodai},
	file = {/Users/johannespusicha/Zotero/storage/BCCX97VQ/Chanda - USE OF ARNO CONVERTER AND MOTOR-GENERATOR SET TO C.pdf},
	keywords = {{\"a}hnliches Thema,durcharbeiten},
	langid = {english},
	pages = {10},
	title = {{{USE OF ARNO CONVERTER AND MOTOR-GENERATOR SET TO CONVERT A SINGLE-PHASE AC SUPPLY TO A THREE- PHASE AC FOR CONTROLLING THE SPEED OF A THREE- PHASE INDUCTION MOTOR BY USING A THREE-PHASE TO THREE-PHASE CYCLOCONVERTER}}}}

@book{chenSchatzungParameternBei1997,
	author = {Chen, Qiang},
	date = {1997},
	isbn = {3-8265-2083-1},
	series = {Berichte Aus Dem {{Maschinenbau}}},
	title = {Sch{\"a}tzung von {{Parametern}} Bei Der {{Modellbildung}} von Elektrischen Und Mechanischen {{Systemen}}},
	type = {Zugl.: Essen, Univ.-Gesamthochsch., Diss., 1996}}

@book{czichosHUTTEIngenieurwissen2012,
	date = {2012},
	doi = {10.1007/978-3-642-22850-6},
	editor = {Czichos, Horst and Hennecke, Manfred},
	file = {/Users/johannespusicha/Zotero/storage/K2AH9LT2/Czichos und Hennecke - 2012 - H{\"U}TTE - Das Ingenieurwissen.pdf},
	isbn = {978-3-642-22849-0 978-3-642-22850-6},
	langid = {ngerman},
	location = {{Berlin, Heidelberg}},
	publisher = {{Springer Berlin Heidelberg}},
	title = {H{\"U}TTE - Das Ingenieurwissen},
	bdsk-url-1 = {https://doi.org/10.1007/978-3-642-22850-6}}

@misc{DatenblattAPOJETAJR,
	file = {V\:\\prak\\J.Pusicha\\02_BA\\02_Literatur\\Handb{\"u}cher\\AJR\\Produktdatenbank-APOJET_R\\Datenblaetter\\APOJET_AJR_Combi_DE.pdf},
	title = {Datenblatt {{APOJET AJR Combi}}}}

@misc{dineniec60034-4-1DrehendeElektrischeMaschinen,
	author = {DIN EN IEC 60034-4-1},
	file = {V\:\\prak\\J.Pusicha\\02_BA\\02_Literatur\\Normen\\DIN_EN_IEC_60034-4-1_Drehende_elektrische_Maschinen-Teil_4-1.pdf},
	title = {Drehende Elektrische {{Maschinen Teil}} 4-1.Pdf}}

@report{draxlerAutomatisierteEinstellungPIDReglern2010,
	abstract = {In modern industrial plants most regulation tasks of complicated processes are solved by traditional controllers. Most commonly used are PI- and PID controller. The parameters for the respective controller are usually determined empirically at the time of the plant's startup, which presents a very complicated and timeconsuming task in the absence of a mathematical model. To simplify the controller setting or the controller optimization, a program for modeling an industrial process (Parameterident) was developed in a preceding diploma thesis with the company TG GmbH. This software forms a mathematical model in MISO form from process data of the industrial plant, which then serves as the basis for the calculation of control parameters and for the simulation of the control circuit.},
	author = {Draxler, Martin},
	date = {2010-01},
	file = {/Users/johannespusicha/Zotero/storage/PJ3ZU8DI/Automatisierte Einstellung von PID-Reglern f{\"u}r Pro.pdf},
	institution = {{Technische Universit{\"a}t Graz}},
	keywords = {B Stapel},
	langid = {ngerman},
	location = {{Graz}},
	pages = {110},
	title = {Automatisierte Einstellung von PID-Reglern f{\"u}r Prozessanwendungen},
	type = {Diplomarbeit},
	url = {https://diglib.tugraz.at/download.php?id=576a821e15a6b&location=browse},
	bdsk-url-1 = {https://diglib.tugraz.at/download.php?id=576a821e15a6b&location=browse}}

@article{dziwokiRotierendeFrequenzumformer1956,
	author = {Dziwoki, Adolf},
	date = {1956},
	issue = {1},
	keywords = {{\"a}hnliches Thema},
	number = {1},
	pages = {42--49},
	title = {Rotierende {{Frequenzumformer}}},
	type = {Band},
	volume = {30}}

@thesis{eschVerfahrenZurGuteoptimalen2016,
	author = {Esch, Jonas},
	date = {2016},
	file = {/Users/johannespusicha/Zotero/storage/FBAFV6JM/83635708.pdf},
	institution = {{Universit{\"a}t Duisburg-Essen}},
	keywords = {A Stapel},
	langid = {ngerman},
	location = {{Duisburg}},
	pagetotal = {116},
	title = {Ein Verfahren zur g{\"u}teoptimalen Parametrierung von PID-Reglern}}

@online{ExperimentalDesignSimulation,
	abstract = {When is a parameter study appropriate? And how should one proceed? We present a tool chain from the simulation model in Modelica, FMU export and the use of Python scripts to visual data exploration.},
	file = {/Users/johannespusicha/Zotero/storage/69BCU9S8/Experimental design and simulation studies with Mo.html},
	keywords = {C Stapel},
	langid = {english},
	title = {Experimental Design and Simulation Studies with {{Modelica}} and {{Python I TLK Energy}}},
	url = {https://tlk-energy.de/blog-en/experimental-design-simulation-studies-modelica-python},
	urldate = {2021-12-21},
	bdsk-url-1 = {https://tlk-energy.de/blog-en/experimental-design-simulation-studies-modelica-python}}

@thesis{frankeMultidisziplinareModellierungUnd2012,
	author = {Franke, Marco},
	date = {2012},
	file = {/Users/johannespusicha/Zotero/storage/4RSJ7UAG/Dissertation.pdf},
	institution = {{Otto-von-Guericke-Universit{\"a}t Magdeburg}},
	keywords = {C Stapel,{\"u}berflogen},
	langid = {ngerman},
	pagetotal = {152},
	title = {Multidisziplin{\"a}re Modellierung und Simulation eines Rolling Rotor Switched Reluktanz Antriebes}}

@misc{fraunhoferiemUebersichtSysMLWebPdf,
	author = {Fraunhofer IEM},
	file = {/Users/johannespusicha/Zotero/storage/EVXESN3J/Uebersicht-SysML_web.pdf},
	langid = {ngerman},
	title = {Uebersicht-SysML\_web.pdf}}

@inproceedings{fritzson11thInternationalModelica2015,
	abstract = {Cyber-Physical Systems have been the focus of many research and public forum initiatives in the world since the early 2000s. The concept of CPS involves the tight integration and co-design of physical (for example, mechanical, electrical, biological and chemical), systems with analysis, monitoring and control implemented on a computing system. As such it has important intersections with other fields of great interests such as Internet of Things, Hybrid Systems, Swarm Systems and Systems of Systems. One of the main challenges has been to develop solid foundations for design and manufacturing including formal methods and requirement capture.},
	author = {Fritzson, Prof. Peter and Elmqvist, Dr. Hilding},
	booktitle = {Link{\"o}ping {{Electronic Conference Proceedings}}},
	doi = {10.3384},
	eventtitle = {The 11th {{International Modelica Conference}}},
	file = {/Users/johannespusicha/Zotero/storage/SBFXNCVK/ecp15118.pdf},
	isbn = {978-91-7685-955-1},
	keywords = {C Stapel},
	langid = {english},
	location = {{Palais des Congr{\`e}s de Versailles, Frankreich}},
	pages = {936},
	publisher = {{Modelica Association and Link{\"o}ping University Electronic Press}},
	title = {11th {{International Modelica Conference}}},
	volume = {118},
	year = {21. - 23. Septermber 2015},
	bdsk-url-1 = {https://doi.org/10.3384}}

@unpublished{fritzsonIntroductionObjectOrientedModeling,
	author = {Fritzson, Peter and Pop, Adrian},
	file = {/Users/johannespusicha/Zotero/storage/7Y9GDPDK/modprod20_tutorial1_fritzson-pop_oom-modelica-1.pdf},
	keywords = {A Stapel},
	langid = {english},
	title = {Introduction to {{Object-Oriented Modeling}} and {{Simulation}} with {{Modelica}} and {{OpenModelica}}}}

@article{geitnerModellbildungDynamischerSysteme,
	author = {Geitner, Gert-Helge},
	file = {/Users/johannespusicha/Zotero/storage/PP3XR48T/Geitner, Gert-Helge\; Priv.pdf},
	keywords = {B Stapel},
	langid = {ngerman},
	pages = {28},
	title = {Modellbildung dynamischer Systeme mittels Leistungsflu{\ss}}}

@thesis{gesenhuesObjektorientiertmodellbasierteCharakterisierungUberwachung2019,
	abstract = {Die vorliegende Arbeit befasst sich mit Methoden, welche eine direkte Nutzung der objektorientieren Modellierung innerhalb modellbasierter regelungstechnischer Verfahren erlauben. Die objektorientierte Modellierung wird bislang vorwiegend in der Simulation eingesetzt. Die Vorteile der objektorientierten Modellierung k{\"o}nnen jedoch ebenso den Entwurfsprozess modellbasierter Regelungsmethoden vereinfachen und beschleunigen. Als Anwendungsschwerpunkt dieser Methoden wird das mittels Blutpumpe technisch unterst{\"u}tzte Herz-Kreislauf-System betrachtet. Vor dem Hintergrund der Einzug haltenden Digitalisierung und Vernetzung in der Medizin werden innerhalb der Arbeit vielf{\"a}ltige Ans{\"a}tze konzipiert, welche die Therapieoptionen der technischen Herzunterst{\"u}tzung erweitern, sowie sicherer und effizienter machen. Zur praktischen Umsetzung der Methoden wurde innerhalb dieser Arbeit eine Forschungsplattform bestehend aus diversen Soft- und Hardwarekomponenten entwickelt. Die Forschungsplattform stellt einen tierexperimentellen Prototyp einer hoch digitalisierten und vernetzten OP- bzw. intensivmedizinischen Behandlungsumgebung dar und erlaubt eine einfache Online-Anwendung h{\"o}herer regelungstechnischer Konzepte. Zudem wurde eine umfassende Versuchsdatenbank f{\"u}r die automatisierte Auswertung gro{\ss}er Datenmengen aufgebaut. In verschiedenen klinisch relevanten Anwendungsbeispielen werden die Methoden simulativ sowie in vivo untersucht. Die Anwendungsbeispiele umfassen dabei verschiedene Aspekte der Charakterisierung, {\"U}berwachung und Regelung des technisch unterst{\"u}tzten Herz-KreislaufSystems. Zudem enth{\"a}lt die Arbeit auch die Konzeption und erste Evaluierung eines konzeptionell neuartigen Herzunterst{\"u}tzungssystems.},
	author = {Gesenhues, Jonas Franz-Hermann},
	date = {2019-06-24},
	file = {/Users/johannespusicha/Zotero/storage/WM449FMP/764171.pdf},
	institution = {{Rheinisch-Westf{\"a}lische Technische Hochschule Aachen}},
	keywords = {A Stapel,bearbeitet},
	title = {Objektorientiert-Modellbasierte {{Charakterisierung}}, {{{\"U}berwachung}} Und {{Regelung}} Des Technisch Unterst{\"u}tzen {{Herz-Kreislauf-Systems}}}}

@incollection{gierschWeitereMaschinenarten1998,
	author = {Giersch, Hans-Ulrich and Harthus, Hans and Vogelsang, Norbert},
	booktitle = {Elektrotechnik f{\"u}r Fachschulen},
	date = {1998},
	file = {/Users/johannespusicha/Zotero/storage/4ET7HBPT/Giersch et al. - 1998 - WeitereMaschinenarten.pdf},
	langid = {ngerman},
	location = {{Wiesbaden}},
	pages = {340--373},
	publisher = {{Vieweg+ Teubner Verlag}},
	title = {WeitereMaschinenarten}}

@article{GrundlagenSystemidentifikationAus2003,
	date = {2003},
	issue = {2},
	number = {2},
	pages = {48--52},
	title = {Grundlagen - {{Systemidentifikation}} - {{Aus Messwerten}} Werden Mathematische {{Modelle}}},
	volume = {52}}

@article{haidariKonstruktionElektroantrieben2018,
	author = {Haidari, Ahmad H. and Br{\"u}ck, Marc},
	date = {2018-08},
	doi = {10.1007/s35658-018-0045-6},
	file = {/Users/johannespusicha/Zotero/storage/45HQESFW/hybrid_power-train_interactions.png;/Users/johannespusicha/Zotero/storage/EKWX4LXK/18-03-26-Fachartikel-Die_Konstruktion_von_Elektroantrieben.pdf;/Users/johannespusicha/Zotero/storage/YVR9BQER/machine_requierements.png},
	issn = {1862-1791, 2192-8878},
	issue = {4},
	journaltitle = {ATZelektronik},
	keywords = {A Stapel},
	langid = {ngerman},
	number = {4},
	pages = {48--51},
	shortjournal = {ATZ Elektron},
	title = {Die Konstruktion von Elektroantrieben},
	volume = {13},
	bdsk-url-1 = {https://doi.org/10.1007/s35658-018-0045-6}}

@article{HandbookElectricMachines,
	file = {/Users/johannespusicha/Zotero/storage/IKC53VQE/Handbook of Electric Machines.pdf;/Users/johannespusicha/Zotero/storage/QEVGJ975/motorcontrol_handbook.pdf},
	keywords = {C Stapel},
	langid = {english},
	pages = {110},
	title = {Handbook of {{Electric Machines}}}}

@thesis{hanseEinflussNutgeometrieAuf2020,
	author = {Hanse, Hannes},
	date = {2020-12-21},
	file = {V\:\\prak\\J.Pusicha\\02_BA\\02_Literatur\\HannesHanse_BA.pdf},
	institution = {{TU Clausthal}},
	langid = {ngerman},
	location = {{Clausthal-Zellerfeld}},
	pagetotal = {98},
	title = {Einfluss der Nutgeometrie auf das dynamische Betriebsverhalten fremderregter Synchronmaschinen},
	type = {Bachelorarbeit}}

@thesis{hanseEinflussNutgeometrieAuf2020a,
	author = {Hanse, Hannes},
	date = {2020-12-21},
	file = {V\:\\prak\\Hanse\\BA\\08_BA\\HannesHanse_BA.pdf},
	institution = {{TU Clausthal}},
	keywords = {A Stapel},
	langid = {ngerman},
	location = {{Clausthal Zellerfeld}},
	pagetotal = {98},
	title = {Einfluss der Nutgeometrie auf das dynamische Betriebsverhalten fremderregter Synchronmaschinen},
	type = {Bachelorarbeit}}

@book{herchenhanModellierungMehrfachregelungUnd2008,
	author = {Herchenhan, Michael},
	date = {2008},
	edition = {1. Aufl},
	file = {/Users/johannespusicha/Zotero/storage/2D7HXQYP/Herchenhan - 2008 - Modellierung, Mehrfachregelung und optimale Steuer.pdf},
	isbn = {978-3-86844-078-2},
	keywords = {C Stapel},
	langid = {ngerman},
	location = {{G{\"o}ttingen}},
	number = {4},
	pagetotal = {272},
	publisher = {{Sierke}},
	series = {Reihe Elektrotechnik},
	title = {Modellierung, Mehrfachregelung und optimale Steuerung eines leistungsverzweigten hybriden Antriebs}}

@book{hesselerObjektorientierteModellierungUnd2012,
	author = {He{\ss}eler, Frank-Josef},
	date = {2012},
	edition = {Als Ms. gedr},
	file = {/Users/johannespusicha/Zotero/storage/NNZVH93F/He{\ss}eler - 2012 - Objektorientierte Modellierung und modellbasierte .pdf},
	isbn = {978-3-18-521408-0},
	keywords = {A Stapel,pdf besorgen},
	langid = {german},
	location = {{D{\"u}sseldorf}},
	number = {1214},
	pagetotal = {127},
	publisher = {{VDI-Verl}},
	series = {Fortschritt-Berichte VDI Reihe 8, Mess-, Steuerungs- und Regelungstechnik},
	title = {Objektorientierte Modellierung und modellbasierte pr{\"a}diktive Regelung eines Dieselmotorluftpfades mit zwei Abgasr{\"u}ckf{\"u}hrstrecken}}

@book{hohenbichlerRobusterReglerentwurfAuf2009,
	author = {Hohenbichler, Norbert},
	date = {2009},
	edition = {Als Ms. gedr},
	file = {/Users/johannespusicha/Zotero/storage/G5CCPZJ7/Hohenbichler - 2009 - Robuster Reglerentwurf auf Grundlage der Menge all.pdf},
	isbn = {978-3-18-515808-7},
	keywords = {B Stapel},
	langid = {ngerman},
	location = {{D{\"u}sseldorf}},
	number = {1158},
	pagetotal = {131},
	publisher = {{VDI-Verl}},
	series = {Fortschritt-Berichte VDI Reihe 8, Mess-, Steuerungs- und Regelungstechnik},
	title = {Robuster Reglerentwurf auf Grundlage der Menge aller stabilisierenden PID-Regler}}

@article{holemannModelicaPredictiveControl2009,
	abstract = {Abstract             Modelica is a powerful and flexible instrument for component-wise dynamic system modeling. Unfortunately, until now it does not provide many structures to integrate advanced control methods. This article presents a Modelica library for model-based predictive controllers with linear process models, which offers the use of several model representations in the controller for predicting the future plant outputs. As well, the controller is capable of constraints and disturbance handling. A controller block can be included easily into any Modelica model and is parameterized intuitively. The library avoids the coupling of Modelica to other software products.Thus, a contribution is made towards an integrated control system design in Modelica.},
	author = {H{\"o}lemann, Sebastian and Abel, Dirk},
	date = {2009-04},
	doi = {10.1524/auto.2009.0766},
	file = {/Users/johannespusicha/Zotero/storage/ZZTC42QL/H{\"o}lemann und Abel - 2009 - Modelica Predictive Control -- An MPC Library for M.pdf},
	issn = {0178-2312},
	journaltitle = {at - Automatisierungstechnik},
	langid = {english},
	number = {4},
	pages = {187--194},
	title = {Modelica {{Predictive Control}} -- {{An MPC Library}} for {{ModelicaEine MPC-Bibliothek}} F{\"u}r {{Modelica}}},
	volume = {57},
	bdsk-url-1 = {https://doi.org/10.1524/auto.2009.0766}}

@inproceedings{hongApplicationMWscaleMotorgenerator2017,
	abstract = {This paper presents a Power-Hardware-in-the-Loop (P-HiL) testbed coupled to a MW-scale Motor-Generator (MG) set. The P-HiL configuration interfaces an 11 kV physical distribution network with a transmission network modeled in a Real Time Digital Simulator (RTDS) through the MG set. Uniquely, and in contrast with other P-HiL arrangements, the MG set used is equipped with a proprietary frequency controller with an inherent response that does not provide the desired characteristics to cater for a P-HiL interface. The paper describes a methodology to tackle this problem associated with undesirable response of the MG set's existing controller by introducing additional frequency and phase control loops. Experimental results are presented and show that the P-HiL testbed is capable of maintaining a high level of synchronization during disturbances and allows the power interaction between the model and physical network. The testbed offers a realistic and flexible testing environment for prototype systems connected to distribution networks with a specific focus on testing systems that control demand side resources for frequency response during loss of generation events.},
	author = {Hong, Qiteng and Abdulhadi, Ibrahim and Roscoe, Andrew and Booth, Campbell},
	booktitle = {2017 {{IEEE PES Innovative Smart Grid Technologies Conference Europe}} ({{ISGT-Europe}})},
	date = {2017-09},
	doi = {10.1109/ISGTEurope.2017.8260288},
	eventtitle = {2017 {{IEEE PES Innovative Smart Grid Technologies Conference Europe}} ({{ISGT-Europe}})},
	file = {/Users/johannespusicha/Zotero/storage/DECAD5A2/Hong et al. - 2017 - Application of a MW-scale motor-generator set to e.pdf},
	isbn = {978-1-5386-1953-7},
	keywords = {{\"a}hnliches Thema},
	langid = {english},
	location = {{Torino}},
	pages = {1--6},
	publisher = {{IEEE}},
	title = {Application of a {{MW-scale}} Motor-Generator Set to Establish Power-Hardware-in-the-Loop Capability},
	bdsk-url-1 = {https://doi.org/10.1109/ISGTEurope.2017.8260288}}

@article{hongMotorGeneratorControlImprove2013,
	abstract = {In this paper, a motor-generator (MG) control algorithm was proposed to improve the shift quality for a dual mode power split transmission (PST) hybrid electric vehicle (HEV). In order to analyze the shift characteristics during the mode shift, Bondgraph models for transient-state were constructed and state equations were derived. From the state equations, it was found that inertia torque of MG2 causes a transient torque during the mode shift. Based on the transient torque, a MG torque control algorithm which compensates the transient torque was developed to reduce the driveshaft torque variation. To evaluate the performance of the MG2 control algorithm, dynamic models of the dual mode PST HEV were obtained and an AMESim-MATLAB/Simulink based mode shift performance simulator was developed. It was found from the simulation results that the driveshaft torque variation was reduced by the proposed control algorithm which provides improved shift quality.},
	author = {Hong, Sungwha and Choi, Woulsun and Ahn, Sunghyun and Lee, Geontae and Son, Hanho and Kim, Yongjoo and Kim, Hyunsoo},
	date = {2013},
	file = {/Users/johannespusicha/Zotero/storage/YMEL73MQ/Hong et al. - 2013 - Motor-Generator Control to Improve Shift Quality f.pdf},
	issn = {2032-6653},
	keywords = {B Stapel},
	langid = {english},
	pages = {245--250},
	series = {World {{Electric Vehicle Journal}}},
	title = {Motor-{{Generator Control}} to {{Improve Shift Quality}} for a {{Dual Mode Power Split Transmission}}},
	volume = {6}}

@report{IEEEGuideSynchronous,
	abstract = {Abstract: Categorizes three direct-axis and four quadrature-axis models, along with the basic transient reactance model. Discusses some of the assumptions made in using various models and presents the fundamental equations and concepts involved in generator/system interfacing. Covers, generally, the various attributes of power system stability, recognizing two basic approaches. The first is categorized under large disturbance nonlinear analysis; the second approach considers small disturbances, where the corresponding dynamic equations are linearized. Applications of a range of generator models are discussed and treated. The manner in which generator saturation is treated in stability studies, both in the initialization process as well as during large or small disturbance stability analysis procedures is addressed. Saturation functions that are derived, whether from test data or by the methods, of finite elements are developed. Different saturation algorithms for calculating values of excitation and internal power angle depending upon generator terminal conditions are compared. The question of parameter determination is covered. Two approaches in accounting for generator field and excitation system base quantities are identified. Conversion factors are given for transferring field parameters from one base to another for correct generator/excitation system interface modeling, Suggestions for modeling of negative field currents and other field circuit discontinuities are included.},
	doi = {10.1109/IEEESTD.2003.94408},
	file = {/Users/johannespusicha/Zotero/storage/DXYV33RE/IEEE Guide for Synchronous Generator Modeling Prac.pdf},
	institution = {{IEEE}},
	isbn = {9780738134826},
	langid = {english},
	title = {{{IEEE Guide}} for {{Synchronous Generator Modeling Practices}} and {{Applications}} in {{Power System Stability Analyses}}},
	bdsk-url-1 = {https://doi.org/10.1109/IEEESTD.2003.94408}}

@misc{Innenschaltbild,
	file = {V\:\\prak\\J.Pusicha\\02_BA\\02_Literatur\\Handb{\"u}cher\\AJR\\3381120228_000_Innenschaltbild.pdf},
	title = {Innenschaltbild}}

@misc{iso6858-1982bsg219:1983GeneralRequierementsGround1983,
	author = {ISO 6858-1982 BSG219:1983},
	date = {1983},
	file = {V\:\\prak\\J.Pusicha\\02_BA\\02_Literatur\\Normen\\BSG219_83.pdf},
	langid = {english},
	title = {General {{Requierements}} for Ground Support Electrical Supplies for Aircraft}}

@article{jacobOptimierungSpannungsreglungSchleifringlosen,
	author = {Jacob, Christian and Nguyen, Hong Ha and Huart, Michel and Tao, Jun},
	file = {/Users/johannespusicha/Zotero/storage/RHB3AFGY/Jacob et al. - Optimierung der Spannungsreglung einer schleifring.pdf},
	keywords = {C Stapel},
	langid = {ngerman},
	pages = {4},
	title = {Optimierung der Spannungsreglung einer schleifringlosen Synchronmaschine}}

@book{janschekSystementwurfMechatronischerSysteme2010,
	author = {Janschek, Klaus},
	date = {2010},
	doi = {10.1007/978-3-540-78877-5},
	file = {/Users/johannespusicha/Zotero/storage/TFTCT3CL/Janschek - 2010 - Systementwurf mechatronischer Systeme.pdf},
	isbn = {978-3-540-78877-5},
	keywords = {B Stapel},
	langid = {ngerman},
	location = {{Berlin, Heidelberg}},
	publisher = {{Springer Berlin Heidelberg}},
	title = {Systementwurf mechatronischer Systeme},
	bdsk-url-1 = {https://doi.org/10.1007/978-3-540-78877-5}}

@misc{jenniGeregelteAntriebeMit2019,
	author = {Jenni, Felix},
	date = {2019},
	file = {/Users/johannespusicha/Zotero/storage/WRT6DKJ8/Ger_Antriebe.pdf},
	keywords = {C Stapel},
	title = {Geregelte {{Antriebe}} Mit {{Drehfeldmaschinen}} Und Selbstgef{\"u}hrten {{Stromrichtern}}}}

@book{justusDynamischesVerhaltenElektrischer1993,
	author = {Justus, Otto},
	date = {1993},
	isbn = {3-528-14917-5},
	series = {Studium {{Technik}}},
	title = {Dynamisches {{Verhalten}} Elektrischer {{Maschinen}} : Eine {{Einf{\"u}hrung}} in Die Numerische {{Modellierung}} Mit {{PSPICE}}},
	type = {Band}}

@thesis{kellnerParameteridentifikationBeiPermanenterregten2012,
	abstract = {Elektrische Synchronmaschinen mit Permanentmagneterregung werden in einer Vielzahl unterschiedlicher Anwendungen, vor allem bei kleinen bis mittleren, im Einzelfall auch gro{\ss}en Leistungen, eingesetzt. Oftmals sind dies Anwendungen, die eine hochdynamische Regelung erfordern. Hierf{\"u}r werden die Induktivit{\"a}ten der Maschine nicht nur als konstante Gr{\"o}{\ss}en, sondern abh{\"a}ngig von den momentanen Str{\"o}men ben{\"o}tigt. Die Flussverkettung der Permanentmagnete {\"a}ndert sich aufgrund von Alterungserscheinungen und Temperaturver{\"a}nderungen im Laufe des Betriebs. Zusammen mit dem ohmschen St{\"a}nderwiderstand, der sich durch Erw{\"a}rmung des St{\"a}nders im Laufe des Betriebs im ung{\"u}nstigen Fall fast verdoppeln kann, wird die Permanentmagnetflussverkettung zum Beispiel zur Berechnung des Motordrehmoments verwendet. Die vorliegende Arbeit besch{\"a}ftigte sich mit der Messung und Identifkation der absoluten und differentiellen Induktivit{\"a}ten, des ohmschen St{\"a}nderwiderstands und der Permanentmagnetflussverkettung von permanenterregten Synchronmaschinen.},
	author = {Kellner, Sven Ludwig},
	date = {2012},
	file = {/Users/johannespusicha/Zotero/storage/BRDR9H9N/SvenKellnerDissertation.pdf},
	keywords = {B Stapel,Dauermagneterregte Synchronmaschine,Identifikation,Parameter identification,Synchronous Machine},
	title = {Parameteridentifikation Bei Permanenterregten {{Synchronmaschinen}}},
	url = {https://opus4.kobv.de/opus4-fau/frontdoor/index/index/docId/2738},
	bdsk-url-1 = {https://opus4.kobv.de/opus4-fau/frontdoor/index/index/docId/2738}}

@article{kennelEngineeringMitVINCENT,
	author = {Kennel, Matthias and Juhasz, Dr Tamas},
	file = {/Users/johannespusicha/Zotero/storage/NBP6A82F/Kennel und Juhasz - Engineering mit VINCENT -- Der digitale Zwilling f{\"u}.pdf},
	langid = {ngerman},
	pages = {9},
	title = {Engineering mit VINCENT -- Der digitale Zwilling f{\"u}r die Entwicklungsphase}}

@article{KennlinienMotorenUnd,
	file = {/Users/johannespusicha/Zotero/storage/XYVGD3UB/Kennlinien von Motoren und Arbeitsmaschinen.pdf},
	langid = {ngerman},
	pages = {17},
	title = {Kennlinien von Motoren und Arbeitsmaschinen}}

@book{kralModelicaObjektorientierteModellbildung2019,
	annotation = {Ausgeliehen aus Universit{\"a}tsbibliothek Clausthal},
	author = {Kral, Christian},
	date = {2019},
	file = {/Users/johannespusicha/Zotero/storage/45DUQDWJ/Kral - 2019 - Modelica objektorientierte Modellbildung von Dreh.pdf},
	isbn = {978-3-446-45551-1},
	keywords = {A Stapel,Elektrische Maschinen,Modelica},
	langid = {german},
	location = {{M{\"u}nchen}},
	pagetotal = {347},
	publisher = {{Fachbuchverlag Leipzig im Carl Hanser Verlag}},
	shorttitle = {Modelica},
	title = {Modelica: objektorientierte Modellbildung von Drehfeldmaschinen}}

@article{kuhnDigitalerZwilling2017,
	author = {Kuhn, Thomas},
	date = {2017-10},
	doi = {10.1007/s00287-017-1061-2},
	file = {/Users/johannespusicha/Zotero/storage/S32SCBDB/Kuhn - 2017 - Digitaler Zwilling.pdf},
	issn = {0170-6012, 1432-122X},
	journaltitle = {Informatik-Spektrum},
	langid = {ngerman},
	number = {5},
	pages = {440--444},
	shortjournal = {Informatik Spektrum},
	title = {Digitaler Zwilling},
	volume = {40},
	bdsk-url-1 = {https://doi.org/10.1007/s00287-017-1061-2}}

@article{kutznerModellierungUndSimulation2010,
	abstract = {This paper describes the modeling and validation of a steam turbine power plant and the corresponding control system. Instead of a life time reducing optimization on-site, the stress on mechanical and electrical components can be reduced by means of simulation. Typical commissioning results are used to validate the simulation models. Even infrequently employed functions of the control system can now be checked.},
	author = {Kutzner, R{\"u}diger and Bennauer, Martin and Hopp, Stefan and Joswig, Frank and K{\"o}nemund, Martin and Lerch, Edwin and L{\"o}sing, Martin and Meinecke, Carsten and Wenzel, Andree and Werthes, Heribert},
	date = {2010-09},
	doi = {10.1524/auto.2010.0869},
	file = {/Users/johannespusicha/Zotero/storage/44FCZERU/Kutzner et al. - 2010 - Modellierung und Simulation von Kraftwerksbl{\"o}cken.pdf},
	issn = {2196-677X, 0178-2312},
	journaltitle = {auto},
	keywords = {A Stapel},
	langid = {ngerman},
	number = {9},
	pages = {533--540},
	title = {Modellierung und Simulation von Kraftwerksbl{\"o}cken},
	volume = {58},
	bdsk-url-1 = {https://doi.org/10.1524/auto.2010.0869}}

@article{kutznerModellierungUndSimulation2010a,
	abstract = {This paper describes the modeling and validation of a steam turbine power plant and the corresponding control system. Instead of a life time reducing optimization on-site, the stress on mechanical and electrical components can be reduced by means of simulation. Typical commissioning results are used to validate the simulation models. Even infrequently employed functions of the control system can now be checked.},
	author = {Kutzner, R{\"u}diger and Bennauer, Martin and Hopp, Stefan and Joswig, Frank and K{\"o}nemund, Martin and Lerch, Edwin and L{\"o}sing, Martin and Meinecke, Carsten and Wenzel, Andree and Werthes, Heribert},
	date = {2010-09},
	doi = {10.1524/auto.2010.0869},
	file = {/Users/johannespusicha/Zotero/storage/F8UHZLD4/Kutzner et al. - 2010 - Modellierung und Simulation von Kraftwerksbl{\"o}cken.pdf},
	issn = {2196-677X, 0178-2312},
	journaltitle = {auto},
	langid = {ngerman},
	number = {9},
	pages = {533--540},
	title = {Modellierung und Simulation von Kraftwerksbl{\"o}cken},
	volume = {58},
	bdsk-url-1 = {https://doi.org/10.1524/auto.2010.0869}}

@article{langvdeBedeutungUndErmittlung,
	author = {LangVDE, Alfred},
	file = {/Users/johannespusicha/Zotero/storage/HT9NHMBQ/LangVDE - Die Bedeutung und Ermittlung der wirksamen Erreger.pdf},
	langid = {ngerman},
	pages = {20},
	title = {Die Bedeutung und Ermittlung der wirksamen Erregermaschinen- Zeitkonstante bei der selbstt/itigen Spannungsregelung von Drehstromgeneratoren.}}

@book{lutzTaschenbuchRegelungstechnikMit2014,
	author = {Lutz, Holger and Wendt, Wolfgang},
	date = {2014},
	edition = {10., erg{\"a}nzte Auflage},
	file = {/Users/johannespusicha/Zotero/storage/STNGFS94/Taschenbuch der Regelungstechnik.pdf},
	isbn = {978-3-8085-5679-5},
	langid = {ngerman},
	location = {{Haan-Gruiten}},
	pagetotal = {1505},
	publisher = {{Verlag Europa-Lehrmittel}},
	series = {Edition Harri Deutsch},
	shorttitle = {Taschenbuch der Regelungstechnik},
	title = {Taschenbuch der Regelungstechnik: mit MATLAB und Simulink}}

@article{mannewitzToleranzanalysenBeliebigenPhysikalischen2005,
	author = {Mannewitz, Frank},
	date = {2005-10},
	doi = {10.1007/BF03221744},
	file = {/Users/johannespusicha/Zotero/storage/QGJEPB2V/Toleranzanalyse_Casim.pdf},
	issn = {0001-2785, 2192-8800},
	issue = {10},
	journaltitle = {ATZ - Automobiltechnische Zeitschrift},
	keywords = {C Stapel},
	langid = {ngerman},
	number = {10},
	pages = {896--903},
	shortjournal = {ATZ Automobiltech Z},
	title = {Toleranzanalysen an beliebigen physikalischen Systemen},
	volume = {107},
	bdsk-url-1 = {https://doi.org/10.1007/BF03221744}}

@inbook{mbihiTableZtransforms2018,
	bookauthor = {Mbihi, Jean},
	booktitle = {Analog {{Automation}} and {{Digital Feedback Control Techniques}}},
	date = {2018-03-25},
	doi = {10.1002/9781119452836.app1},
	file = {/Users/johannespusicha/Zotero/storage/XPXDZMJV/Analog Automation and Digital Feedback Control Techniques - 2018 - Mbihi - Table of Z%E2%80%90transforms.pdf},
	isbn = {978-1-78630-248-9},
	langid = {english},
	location = {{Hoboken, NJ, USA}},
	pages = {215--218},
	publisher = {{John Wiley \& Sons, Inc.}},
	title = {Table of {{Z-transforms}}},
	bdsk-url-1 = {https://doi.org/10.1002/9781119452836.app1}}

@misc{MessenBetriebsparameternElektischer,
	file = {/Users/johannespusicha/Zotero/storage/CVD2F7P5/Messen von Betriebsparametern elektischer Antriebe.PDF},
	keywords = {C Stapel},
	title = {Messen von {{Betriebsparametern}} Elektischer {{Antriebe}}.{{PDF}}}}

@thesis{meyerWirkungsgradoptimierteRegelungHoch2010,
	author = {Meyer, Michael},
	date = {2010-06-17},
	file = {/Users/johannespusicha/Zotero/storage/5KVFHYT2/Meyer - Wirkungsgradoptimierte Regelung hoch ausgenutzter .pdf},
	institution = {{Universit{\"a}t Paderborn}},
	keywords = {C Stapel},
	langid = {ngerman},
	location = {{Paderborn}},
	pagetotal = {176},
	title = {Wirkungsgradoptimierte Regelung hoch ausgenutzter Permanentmagnet-Synchronmaschinen im Antriebsstrang von Automobilen}}

@misc{mil-std-704-fAIRCRAFTELECTRICPOWER1991,
	author = {MIL-STD-704-f},
	date = {1991},
	file = {V\:\\prak\\J.Pusicha\\02_BA\\02_Literatur\\Normen\\MIL-STD-704F.pdf},
	title = {{{AIRCRAFT ELECTRIC POWER CHARACTERISTICS}}}}

@misc{milstd704-eAIRCRAFTELECTRICPOWER1980,
	author = {MIL STD 704-e},
	date = {1980},
	file = {V\:\\prak\\J.Pusicha\\02_BA\\02_Literatur\\Normen\\mil-std-704e.pdf},
	title = {{{AIRCRAFT ELECTRIC POWER CHARACTERISTICS}}}}

@software{modelicaassociationModelicaStandardLibrary2020,
	abstract = {Free (standard conforming) library from the Modelica Association to model mechanical (1D/3D), electrical (analog, digital, machines), magnetic, thermal, fluid, control systems and hierarchical state machines. Also numerical functions and functions for strings, files and streams are included.},
	author = {Modelica Association},
	date = {2020-06-04},
	location = {{Link{\"o}ping}},
	organization = {{Ideella F{\"o}reningar}},
	title = {Modelica {{Standard Library}}},
	url = {https://github.com/modelica/ModelicaStandardLibrary/releases/tag/v3.2.3%2Bbuild.4},
	version = {3.2.3},
	bdsk-url-1 = {https://github.com/modelica/ModelicaStandardLibrary/releases/tag/v3.2.3%2Bbuild.4}}

@book{mollerModellbildungSimulationUnd1992,
	author = {M{\"o}ller, Dietmar P. F.},
	date = {1992},
	doi = {10.1007/978-3-642-95675-1},
	file = {/Users/johannespusicha/Zotero/storage/BPBSZMP5/M{\"o}ller_1992_Modellbildung, Simulation und Identifikation dynamischer Systeme.pdf},
	isbn = {978-3-540-55155-3 978-3-642-95675-1},
	keywords = {C Stapel},
	langid = {ngerman},
	location = {{Berlin, Heidelberg}},
	publisher = {{Springer Berlin Heidelberg}},
	series = {Springer-Lehrbuch},
	title = {Modellbildung, Simulation und Identifikation dynamischer Systeme},
	bdsk-url-1 = {https://doi.org/10.1007/978-3-642-95675-1}}

@book{mullerGrundlagenElektrischerMaschinen2005,
	author = {M{\"u}ller, Germar and Ponick, Bernd},
	date = {2005-11-04},
	doi = {10.1002/352760782X},
	edition = {1},
	file = {/Users/johannespusicha/Zotero/storage/A9Q7VM9B/Grundlagen elektrischer Maschinen - 2005 - M ller - Dreiphasen‐Synchronmaschine.pdf},
	isbn = {978-3-527-60782-2},
	langid = {ngerman},
	publisher = {{Wiley}},
	title = {Grundlagen elektrischer Maschinen},
	bdsk-url-1 = {https://doi.org/10.1002/352760782X}}

@book{musasaBeitragZurModellbildung2004,
	author = {Musasa, Tambwe Benoit},
	date = {2004},
	keywords = {C Stapel},
	title = {Ein {{Beitrag}} Zur {{Modellbildung}} Eines Elektrischen {{Antriebssystems}} Mit Hydrodynamischer {{Kupplung}}},
	type = {Clausthal, Techn. Univ., Diss., 2004}}

@thesis{narkhedeSIMSCAPEMODELINGMOTORGENERATOR2016,
	author = {Narkhede, Yashdeep},
	date = {2016-05},
	file = {/Users/johannespusicha/Zotero/storage/8JNQYWJU/SimscapeModellingOfMotorGeneratorUnit.pdf},
	institution = {{Georgia Institute of Technology}},
	keywords = {{\"a}hnliches Thema},
	langid = {english},
	pagetotal = {59},
	title = {{{SIMSCAPE MODELING OF MOTOR-GENERATOR UNIT COMPONENTS FOR HYBRID ELECTRIC VEHICLE}}},
	type = {mathesis},
	url = {https://smartech.gatech.edu/bitstream/handle/1853/55047/NARKHEDE-THESIS-2016.pdf},
	bdsk-url-1 = {https://smartech.gatech.edu/bitstream/handle/1853/55047/NARKHEDE-THESIS-2016.pdf}}

@article{niehuesIdentifikationLinearerDaempfungsmodelle,
	author = {Niehues, Klemens Konrad},
	file = {/Users/johannespusicha/Zotero/storage/PXIE79ZS/Niehues - Identifikation linearer D{\"a}mpfungsmodelle f{\"u}r Werkze.pdf},
	langid = {ngerman},
	pages = {268},
	title = {Identifikation linearer D{\"a}mpfungsmodelle f{\"u}r Werkzeugmaschinenstrukturen}}

@article{notgesObjektorientierteModellierungSimulation2007,
	abstract = {Dieser Beitrag befasst sich mit der objektorientierten Modellierung, Simulation und Regelung dynamischer, technischer Systeme. Am Beispiel des Rauchgaskreislaufs eines Oxyfuel-Prozesses werden dabei die St{\"a}rken und Besonderheiten der Modellierung mit der objektorientierten Beschreibungssprache Modelica aus Sicht der Regelungstechnik aufgezeigt. Zur Modellierung der thermodynamischen Zusammenh{\"a}nge werden verschiedene Bibliotheken eingesetzt. Die M{\"o}glichkeit der Kopplung der Werkzeuge Modelica/Dymola und Matlab/Simulink resultiert in einer Werkzeugkette, mit welcher nach den Methoden des Rapid Control Prototypings ein Regelungskonzept entworfen werden kann.           ,              This paper deals with object oriented modelling, simulation and control of dynamic, technical systems. The exhaust gas cycle of an oxyfuel power plant is used to clarify the characteristics and advantages of the object oriented modelling using Modelica for automatic control purposes. Different libraries are used for modelling the thermodynamic interrelations. The possibility of coupling the tools Modelica/Dymola and Matlab/Simulink leads to a tool chain that allows for developing an automatic control concept using rapid control prototyping methodology.},
	author = {N{\"o}tges, Thomas and H{\"o}lemann, Sebastian and Bayer Botero, Nicolas and Abel, Dirk},
	date = {2007-05},
	doi = {10.1524/auto.2007.55.5.236},
	file = {/Users/johannespusicha/Zotero/storage/8NHQTYMG/N{\"o}tges et al. - 2007 - Objektorientierte Modellierung, Simulation und Reg.pdf},
	issn = {0178-2312},
	journaltitle = {at - Automatisierungstechnik},
	langid = {ngerman},
	number = {5},
	pages = {236--243},
	title = {Objektorientierte Modellierung, Simulation und Regelung dynamischer Systeme am Beispiel eines Oxyfuel-Kraftwerksprozesses (An Oxyfuel-Power-Plant as an Example for Object Oriented Modelling, Simulation and Control of Dynamic Systems)},
	volume = {55},
	bdsk-url-1 = {https://doi.org/10.1524/auto.2007.55.5.236}}

@article{nowoiskyVerfahrenZurIdentifikation,
	author = {Nowoisky, Sebastian},
	file = {/Users/johannespusicha/Zotero/storage/KVRJGYY5/Nowoisky - Verfahren zur Identifikation nichtlinearer, dynami.pdf},
	keywords = {C Stapel},
	langid = {ngerman},
	pages = {232},
	title = {Verfahren zur Identifikation nichtlinearer, dynamischer Getriebemodelle}}

@inbook{orlowskiReglereinstellungUndRegleroptimierung1988,
	author = {Orlowski, Peter F.},
	bookauthor = {Orlowski, Peter F.},
	booktitle = {Simulation und Optimierung von Regelkreisen mit dem IBM AT und Kompatiblen},
	date = {1988},
	doi = {10.1007/978-3-322-88843-3_3},
	file = {/Users/johannespusicha/Zotero/storage/3JMAM292/Orlowski - 1988 - Reglereinstellung und Regleroptimierung.pdf},
	isbn = {978-3-528-04598-2 978-3-322-88843-3},
	keywords = {A Stapel},
	langid = {ngerman},
	location = {{Wiesbaden}},
	pages = {11--13},
	publisher = {{Vieweg+Teubner Verlag}},
	title = {Reglereinstellung und Regleroptimierung},
	bdsk-url-1 = {https://doi.org/10.1007/978-3-322-88843-3_3}}

@article{otterModellierungMechatronischerSysteme,
	abstract = {Es wird eine {\"U}bersicht {\"u}ber die objektorientierte Modellierungssprache Modelica und die Modelica-Simulationsumgebung Dymola gegeben. Modelica eignet sich besonders zur Modellierung mechatronischer Systeme, die sich aus elektrischen, mechanischen, hydraulischen, pneumatischen, thermischen, fluidmechanischen und regelungstechnischen Teilkomponenten zusammensetzen. Durch die parametrische Darstellung komplexer Systeme sind Modelica-Modelle ein sehr guter Ausgangspunkt f{\"u}r die nichtlineare Parameteridentifikation und den optimierungsbasierten Systementwurf.},
	author = {Otter, M and Schweiger, C},
	file = {/Users/johannespusicha/Zotero/storage/A32ET92P/otter2004-vdi-modelica.pdf},
	keywords = {C Stapel},
	langid = {ngerman},
	pages = {11},
	title = {Modellierung mechatronischer Systeme mit Modelica}}

@article{panreckSystembeschreibungenZurModellierung1999,
	author = {Panreck, Klaus},
	date = {1999-04},
	doi = {10.1524/auto.1999.47.4.157},
	file = {/Users/johannespusicha/Zotero/storage/EMISW7M5/Panreck - 1999 - Systembeschreibungen zur Modellierung komplexer Sy.pdf},
	issn = {2196-677X, 0178-2312},
	journaltitle = {auto},
	langid = {ngerman},
	number = {4},
	pages = {157--164},
	shortjournal = {at - Automatisierungstechnik},
	title = {Systembeschreibungen zur Modellierung komplexer Systeme},
	volume = {47},
	bdsk-url-1 = {https://doi.org/10.1524/auto.1999.47.4.157}}

@misc{pillerpowersystemsASMTIF2004,
	author = {Piller Power Systems},
	date = {2004-05-17},
	file = {/Users/johannespusicha/Zotero/storage/WMSGNB36/ASM.TIF},
	note = {nicht {\"o}ffentlich zug{\"a}nglich},
	title = {Wickelblatt Asynchronmaschine \url{01.7.487.0001}}}

@misc{pillerpowersystemsBetriebshandbuchAJRC12021,
	author = {Piller Power Systems},
	date = {2021-11-02},
	file = {/Users/johannespusicha/Zotero/storage/2GA64S3N/Betriebshandbuch AJR C1 20-180(200)kVA 50-400Hz -0100- 11-0.pdf},
	note = {nicht {\"o}ffentlich zug{\"a}nglich},
	title = {Betriebshandbuch {{AJR C1}} 20-180(200){{kVA}} 50-{{400Hz}} \url{91.9.045.0100}}}

@misc{pillerpowersystemsBetriebshandbuchAPOJET202021,
	author = {Piller Power Systems},
	date = {2021-11-02},
	file = {V\:\\prak\\J.Pusicha\\02_BA\\02_Literatur\\Apojet-90_4316610650\\Betriebshandbuch AJR C1 20-180(200)kVA 50-400Hz -0100- 11-0.pdf},
	note = {nicht {\"o}ffentlich zug{\"a}nglich},
	title = {Betriebshandbuch {{APOJET R}} 20 {{kVA}} -- 180 {{kVA}} 50 {{Hz}} Auf 400 {{Hz}}}}

@misc{pillerpowersystemsDigitalerSpannungsreglerSoftwaredokumentation1997,
	author = {Piller Power Systems},
	date = {1997-11-25},
	file = {V\:\\prak\\J.Pusicha\\02_BA\\02_Literatur\\Handb{\"u}cher\\Spannungsregler\\DSR_Ctrl.pdf},
	note = {nicht {\"o}ffentlich zug{\"a}nglich},
	title = {Digitaler {{Spannungsregler}} - {{Softwaredokumentation}} \url{48.9.032.1407/1}}}

@misc{pillerpowersystemsGenBsb11APOJET1999,
	author = {Piller Power Systems},
	date = {1999-11-03},
	file = {/Users/johannespusicha/Zotero/storage/IPJ67448/gen_bsb1komm.pdf;V\:\\prak\\J.Pusicha\\02_BA\\02_Literatur\\Handb{\"u}cher\\Spannungsregler\\gen_bsb11.pdf},
	note = {nicht {\"o}ffentlich zug{\"a}nglich},
	title = {Blockschaltbild APOJET R II - Parallel + Voltage Ctrl \url{gen_bsb11.pdf}}}

@unpublished{pillerpowersystemsPILLERUniversityRegelungstechnik,
	author = {Piller Power Systems},
	file = {V\:\\prak\\J.Pusicha\\02_BA\\02_Literatur\\Handb{\"u}cher\\Spannungsregler\\Regelungstechnik 1.ppt},
	note = {nicht {\"o}ffentlich zug{\"a}nglich},
	title = {{{PILLER University}} - {{Regelungstechnik I}}}}

@misc{pillerpowersystemsTechnischeDatenErregermaschine,
	author = {Piller Power Systems},
	file = {/Users/johannespusicha/Zotero/storage/ZTBTH2U6/2770000114.swb.json},
	note = {nicht {\"o}ffentlich zug{\"a}nglich},
	title = {Technische {{Daten Erregermaschine}} \url{27.7.000.0411}}}

@misc{pillerpowersystemsTechnischeDatenSynchrongenerator,
	author = {Piller Power Systems},
	file = {/Users/johannespusicha/Zotero/storage/TSDUKP3N/2772388001.swb.json},
	note = {nicht {\"o}ffentlich zug{\"a}nglich},
	title = {Technische {{Daten Synchrongenerator}} \url{27.7.238.8001}}}

@misc{pillerpowersystemsWickelblattErregermaschine272013,
	author = {Piller Power Systems},
	date = {2013-09-13},
	file = {/Users/johannespusicha/Zotero/storage/WGFPT4JX/Erregermaschine.TIF},
	note = {nicht {\"o}ffentlich zug{\"a}nglich},
	title = {Wickelblatt {{Erregermaschine}} \url{27.7.000.0411}}}

@misc{pillerpowersystemsWickelblattSynchrongenerator272004,
	author = {Piller Power Systems},
	date = {2004-03-05},
	file = {/Users/johannespusicha/Zotero/storage/QG6IF9TV/SM.TIF},
	note = {nicht {\"o}ffentlich zug{\"a}nglich},
	title = {Wickelblatt {{Synchrongenerator}} \url{27.7.238.8001}}}

@unpublished{pillerRegelungstechnik,
	author = {Piller Power Systems},
	file = {/Users/johannespusicha/Zotero/storage/7ILMA74K/Herbener - Regelungstechnik I.pdf},
	langid = {ngerman},
	note = {nicht {\"o}ffentlich zug{\"a}nglich},
	title = {Regelungstechnik I}}

@unpublished{pillerRegelungstechnikPdf,
	author = {Piller Power Systems},
	file = {/Users/johannespusicha/Zotero/storage/X8QF4H54/Regelungstechnik 2.pdf},
	note = {nicht {\"o}ffentlich zug{\"a}nglich},
	title = {Regelungstechnik II}}

@misc{pillerTechnischesDatenblattAJR,
	author = {Piller},
	file = {V\:\\prak\\J.Pusicha\\02_BA\\02_Literatur\\Handb{\"u}cher\\AJR\\Produktdatenbank-APOJET_R\\Produktdatenblatt\\Technical_data_sheet_AJR60_400V-50Hz_D.pdf},
	langid = {ngerman},
	note = {nicht {\"o}ffentlich zug{\"a}nglich},
	title = {Technisches Datenblatt AJR 60}}

@article{pontiusComponentsInformationMultiple2008,
	author = {Pontius, Robert Gilmore and Thontteh, Olufunmilayo and Chen, Hao},
	date = {2008-06},
	doi = {10.1007/s10651-007-0043-y},
	file = {/Users/johannespusicha/Zotero/storage/5BIWXHGH/Pontius et al_2008_Components of information for multiple resolution comparison between maps that.pdf},
	issn = {1352-8505, 1573-3009},
	journaltitle = {Environmental and Ecological Statistics},
	langid = {english},
	number = {2},
	pages = {111--142},
	shortjournal = {Environ Ecol Stat},
	title = {Components of Information for Multiple Resolution Comparison between Maps That Share a Real Variable},
	volume = {15},
	bdsk-url-1 = {https://doi.org/10.1007/s10651-007-0043-y}}

@misc{PraktikumsbestimmungenMbPdf,
	file = {/Users/johannespusicha/Zotero/storage/SDBGY2ZC/Praktikumsbestimmungen_Mb.pdf},
	title = {Praktikumsbestimmungen\_{{Mb}}.Pdf}}

@article{pusichaPraktikumsberichtEisenhuth,
	author = {Pusicha, Johannes},
	file = {/Users/johannespusicha/Zotero/storage/3XUXL6RH/Praktikumsbericht_Grundpraktikum.pdf},
	langid = {ngerman},
	pages = {10},
	title = {Praktikumsbericht Eisenhuth}}

@misc{qw91.9.179.4544-009TypprufungAJR60kVA2013,
	author = {QW 91.9.179.4544-009},
	date = {2013},
	file = {V\:\\prak\\J.Pusicha\\02_BA\\02_Literatur\\Handb{\"u}cher\\AJR-60\\Typpr{\"u}fung_AJR_60_Combi\\Protokolle\\Typpr{\"u}fung AJR_60.pdf},
	shorttitle = {{{QW}} 91.9.179.4544-009},
	title = {Typpr{\"u}fung {{AJR 60kVA}}}}

@misc{qw91.9.179.4544-010VorlageFurTypprufung2018,
	author = {QW 91.9.179.4544-010},
	date = {2018},
	file = {V\:\\prak\\J.Pusicha\\02_BA\\02_Literatur\\Normen\\91.9.179.4544-010_Typpr{\"u}fung APOJET R II AJ R II 120.doc},
	shorttitle = {{{QW}} 91.9.179.4544-009},
	title = {Vorlage F{\"u}r {{Typpr{\"u}fung APOJET R}}}}

@misc{qw91.9.179.4943-012Sereinprufung60kVA2013,
	author = {QW 91.9.179.4943-012, Pr{\"u}fanweisung},
	date = {2013},
	file = {V\:\\prak\\J.Pusicha\\02_BA\\02_Literatur\\Handb{\"u}cher\\AJR-60\\Typpr{\"u}fung_AJR_60_Combi\\Protokolle\\9506016556_Serienpr{\"u}fung.pdf},
	langid = {ngerman},
	shorttitle = {QW 91.9.179.4943-012},
	title = {Sereinpr{\"u}fung 60kVA}}

@book{rabeVerifikationUndValidierung2008,
	author = {Rabe, Markus and Spieckermann, Sven and Wenzel, Sigrid},
	date = {2008},
	doi = {10.1007/978-3-540-35282-2},
	file = {/Users/johannespusicha/Zotero/storage/JCMHVMS2/Rabe2008_Book_VerifikationUndValidierungF{\~A}¼rD.pdf},
	isbn = {978-3-540-35281-5},
	langid = {ngerman},
	location = {{Berlin, Heidelberg}},
	publisher = {{Springer Berlin Heidelberg}},
	title = {Verifikation und Validierung f{\"u}r die Simulation in Produktion und Logistik},
	bdsk-url-1 = {https://doi.org/10.1007/978-3-540-35282-2}}

@book{rauchfussModellbildungAsynchronmaschinen2001,
	author = {Rauchfu{\ss}, Lutz},
	date = {2001},
	isbn = {3-934673-46-5},
	keywords = {A Stapel,pdf besorgen},
	series = {Antriebstechnische {{Beitr{\"a}ge}} 2},
	title = {Modellbildung an {{Asynchronmaschinen}}},
	type = {Zugl.: Cottbus, Techn. Univ., Diss., 2001}}

@article{razakModellingSimulationElectric2021,
	abstract = {In this paper, a squirrel cage induction motor was used as the prime mover of a permanent magnet synchronous electric generator to achieve a motor-generator set purposed for internal combustion (IC) engine replacement. The motor--generator set was modelled and subjected to performance analysis. The two mechanically coupled machines were tested at 400 VAC input in a Matlab/Simulink software version R2018a environment. The simulation results gave satisfactory responses in terms of the output characteristics of the individual machines as well as their combination. Output power of motor-generator set reduced by 1.7\% in comparison to that of the synchronous electric generator. The motor--generator set however, achieved an output power efficiency of 96\% at 1 pu of excitation. The excitation level of generator played a critical role in the performance of the motor--generator set. It was shown that the squirrel cage induction motor-synchronous electric generator set can serve as a replacement of the IC engine in standalone power supply systems.},
	author = {Razak, Sulemana Abdul and Normanyo, Erwin},
	date = {2021},
	file = {/Users/johannespusicha/Zotero/storage/2RZ3EURD/Razak und Normanyo - 2021 - Modelling and Simulation of an Electric Motor- Gen.pdf},
	issn = {2600-8084},
	keywords = {{\"a}hnliches Thema},
	langid = {english},
	pages = {134--144},
	series = {{{APPLICATIONS OF MODELLING AND SIMULATION}}},
	title = {Modelling and {{Simulation}} of an {{Electric Motor- Generator Set}} for {{Internal Combustion Engine Replacement}}},
	volume = {Vol 5}}

@article{reportExcitationSystemModels1981,
	abstract = {Abstract: Excitation system and power system stabilizer models suitable for use in large-scale system stability studies are presented. Important excitation limiters and supplementary controls are also included. The model structures presented are intended to facilitate the use of field test data as a means of obtaining model parameters. The models are, however, reduced order models and do not necessarily represent all of the control loops of any particular system. The models are valid for frequency deviations of $\pm$5\% from rated frequency and oscillation frequencies up to 3 Hz. These models would not normally be adequate for use in studies of subsynchronous resonance or other shaft torsional interaction behavior. Delayed protective and control features that may come into play in long-term dynamic performance studies are not represented. A sample set of data for each of the models, for at least one particular application, is provided.},
	author = {Report, Ieee},
	date = {1981-02},
	doi = {10.1109/TPAS.1981.316906},
	file = {/Users/johannespusicha/Zotero/storage/PBJPKFB4/Report - 1981 - Excitation System Models for Power System Stabilit.pdf},
	issn = {0018-9510},
	journaltitle = {IEEE Transactions on Power Apparatus and Systems},
	langid = {english},
	number = {2},
	pages = {494--509},
	shortjournal = {IEEE Trans. on Power Apparatus and Syst.},
	title = {Excitation {{System Models}} for {{Power System Stability Studies}}},
	volume = {PAS-100},
	bdsk-url-1 = {https://doi.org/10.1109/TPAS.1981.316906}}

@article{reportExcitationSystemModels1981a,
	abstract = {Abstract: Excitation system and power system stabilizer models suitable for use in large-scale system stability studies are presented. Important excitation limiters and supplementary controls are also included. The model structures presented are intended to facilitate the use of field test data as a means of obtaining model parameters. The models are, however, reduced order models and do not necessarily represent all of the control loops of any particular system. The models are valid for frequency deviations of $\pm$5\% from rated frequency and oscillation frequencies up to 3 Hz. These models would not normally be adequate for use in studies of subsynchronous resonance or other shaft torsional interaction behavior. Delayed protective and control features that may come into play in long-term dynamic performance studies are not represented. A sample set of data for each of the models, for at least one particular application, is provided.},
	author = {Report, Ieee},
	date = {1981-02},
	doi = {10.1109/TPAS.1981.316906},
	file = {/Users/johannespusicha/Zotero/storage/QXC6AAHT/Report - 1981 - Excitation System Models for Power System Stabilit.pdf},
	issn = {0018-9510},
	journaltitle = {IEEE Transactions on Power Apparatus and Systems},
	langid = {english},
	number = {2},
	pages = {494--509},
	shortjournal = {IEEE Trans. on Power Apparatus and Syst.},
	title = {Excitation {{System Models}} for {{Power System Stability Studies}}},
	volume = {PAS-100},
	bdsk-url-1 = {https://doi.org/10.1109/TPAS.1981.316906}}

@thesis{richertObjektorientierteModellbildungUnd2006,
	abstract = {An object-oriented model framework for turbocharged diesel engines is presented. This framework is used as well in a simulation environment consistig of Matlab/Simulink and Dymola as well as the process model used by a nonlineaer model based predictive control. For rapid control prototyping an integrated development environment with computer aided formula manipulation and code generation has been created. The presented approach is highly flexible and scalable and can be used particularly for control of diesel engines in highly integrated systems.},
	annotation = {RWTH-CONV-122801},
	author = {Richert, Felix},
	date = {2006},
	file = {/Users/johannespusicha/Zotero/storage/9Y393HXV/Richert - 2006 - Objektorientierte Modellbildung und nichtlineare p.pdf},
	institution = {{VDI-Verl.}},
	isbn = {3-18-509208-6},
	journaltitle = {Fortschritt-Berichte VDI : Reihe 8, Me{\ss}-, Steuerungs- und Regelungstechnik},
	keywords = {B Stapel},
	location = {{Aachen}},
	pagetotal = {VIII, 172 S. : Ill., graph. Darst.},
	title = {Objektorientierte {{Modellbildung}} Und Nichtlineare Pr{\"a}diktive {{Regelung}} von {{Dieselmotoren}}; {{Als Ms}}. Gedr.},
	url = {https://publications.rwth-aachen.de/record/61119},
	volume = {1092},
	bdsk-url-1 = {https://publications.rwth-aachen.de/record/61119}}

@article{richertVergleichModelicaUnd2003,
	abstract = {Abstract             Dieser Beitrag befasst sich mit der objektorientierten Modellbildung und Simulation eines Dieselmotors unter Modelica/Dymola, dem Vergleich mit Matlab/Simulink sowie den jeweiligen programmspezifischen Besonderheiten bei der Handhabung. Die objektorientierte Modellierungssprache Modelica bietet gegen{\"u}ber der meist {\"u}blichen, signalbasierten Modellierung einen vielversprechenden Ansatz, bei dem das Simulationsprogramm die notwendigen Gleichungsmanipulationen und Strukturierung der Signale eines Modells soweit wie m{\"o}glich vornimmt. Um zu untersuchen, ob dieser Anspruch auch bei komplexen Modellen erf{\"u}llt wird, ist ein in Matlab/Simulink vorhandenes Modell eines Dieselmotors nach Modelica/Dymola portiert worden.},
	author = {Richert, Felix and R{\"u}ckert, Joachim and Schlo{\ss}er, Axel},
	date = {2003-06-01},
	doi = {10.1524/auto.51.6.247.22446},
	file = {/Users/johannespusicha/Zotero/storage/UWDBX7AU/10.1524_auto.51.6.247.22446.pdf},
	issn = {2196-677X, 0178-2312},
	journaltitle = {at - Automatisierungstechnik},
	langid = {ngerman},
	number = {6},
	pages = {247--254},
	title = {Vergleich von Modelica und Matlab anhand der Modellbildung eines Dieselmotors (Comparison of Modelica and Matlab by means of the Model of a Diesel Engine)},
	volume = {51},
	bdsk-url-1 = {https://doi.org/10.1524/auto.51.6.247.22446}}

@inproceedings{richterEinsatzVirtuellerPrototypen2013,
	author = {Richter, Jan and Winzer, Patrick and Doppelbauer, Martin},
	booktitle = {ETG-Fachbericht 139},
	date = {2013},
	file = {/Users/johannespusicha/Zotero/storage/8CW78498/Richter et al. - 2013 - Einsatz virtueller Prototypen bei der akausalen Mo.pdf},
	isbn = {978-3-8007-3550-1},
	keywords = {{\"a}hnliches Thema,B Stapel},
	langid = {ngerman},
	location = {{Berlin}},
	publisher = {{VDE-Verlag}},
	title = {Einsatz virtueller Prototypen bei der akausalen Modellierung und Simulation von permanenterregten Synchronmaschinen}}

@article{robertboschgmbhStatistischeTolerierung2013,
	author = {{Robert Bosch GmbH}},
	date = {2013},
	file = {/Users/johannespusicha/Zotero/storage/CPXDGA55/Statistische_Tolerierung_Bosch.pdf},
	journaltitle = {Qualit{\"a}tsmanagement in der Bosch-Gruppe | Technische Statistik},
	keywords = {C Stapel},
	title = {5. {{Statistische Tolerierung}}}}

@book{roddeckBondgraphenModellbildungUnd2019,
	author = {Roddeck, Werner},
	date = {2019},
	doi = {10.1007/978-3-658-25921-1},
	file = {/Users/johannespusicha/Zotero/storage/IMQAPSAP/Roddeck - 2019 - Bondgraphen Modellbildung und Simulation dynamisc.pdf},
	isbn = {978-3-658-25920-4},
	langid = {ngerman},
	location = {{Wiesbaden}},
	publisher = {{Springer Fachmedien Wiesbaden}},
	series = {essentials},
	shorttitle = {Bondgraphen},
	title = {Bondgraphen: Modellbildung und Simulation dynamischer Systeme},
	bdsk-url-1 = {https://doi.org/10.1007/978-3-658-25921-1}}

@book{roddeckEinfuhrungMechatronik2019,
	author = {Roddeck, Werner},
	date = {2019},
	doi = {10.1007/978-3-658-27775-8},
	file = {/Users/johannespusicha/Zotero/storage/IMMGDBM5/Roddeck - 2019 - Einf{\"u}hrung in die Mechatronik.pdf},
	isbn = {978-3-658-27774-1 978-3-658-27775-8},
	langid = {ngerman},
	location = {{Wiesbaden}},
	publisher = {{Springer Fachmedien Wiesbaden}},
	title = {Einf{\"u}hrung in die Mechatronik},
	bdsk-url-1 = {https://doi.org/10.1007/978-3-658-27775-8}}

@book{roddeckGrundprinzipienMechatronikModellbildung2019,
	author = {Roddeck, Werner},
	date = {2019},
	edition = {3., {\"U}berarbeitete und erweiterte Auflage},
	file = {/Users/johannespusicha/Zotero/storage/PNNIRCMR/Roddeck - 2019 - Grundprinzipien der Mechatronik Modellbildung und.pdf},
	isbn = {978-3-658-23809-4 978-3-658-23808-7},
	langid = {ngerman},
	location = {{Wiesbaden [Heidelberg]}},
	pagetotal = {315},
	publisher = {{Springer Vieweg}},
	series = {Lehrbuch},
	shorttitle = {Grundprinzipien der Mechatronik},
	title = {Grundprinzipien der Mechatronik: Modellbildung und Simulation mit Bondgraphen}}

@article{sahmTwoaxisBondGraph1979,
	abstract = {The theory of transient operations of synchronous machines-the so called two-reaction theory-was developed during the years 1926-1938. Doherty, Nickle and Park made the first efforts to find a complete theory. The problem then was solved by Kron for a general rotating electrical machine. In this paper the two-axis-model-machine is described using a bond graph. An example is given in which state-space-equations and output-equations are derived from the bond graph. A power-conserving transformation between the electrical quantities of the armature windings of the model machine and those of the real three phase armature windings is developed. This transformation is shown as a displacement modulated transformer structure which is central to the bond graph model.},
	author = {Sahm, Dietrich},
	date = {1979-09},
	doi = {10.1016/0016-0032(79)90113-3},
	file = {/Users/johannespusicha/Zotero/storage/PQ7D5ICX/Sahm - 1979 - A two-axis, bond graph model of the dynamics of sy.pdf},
	issn = {00160032},
	journaltitle = {Journal of the Franklin Institute},
	langid = {english},
	number = {3},
	pages = {205--218},
	shortjournal = {Journal of the Franklin Institute},
	title = {A Two-Axis, Bond Graph Model of the Dynamics of Synchronous Electrical Machines},
	volume = {308},
	bdsk-url-1 = {https://doi.org/10.1016/0016-0032(79)90113-3}}

@article{salas-cabreraModelingParametricIdentification2010,
	abstract = {This work deals with the modeling and parametric identification of a motor-generator set. Nonlinear and linearized dynamic models are derived. By utilizing the structure defined by the linear model and a predictor-error algorithm the parametric identification is accomplished. The methodology is performed on an experimental set-up. Several custommade power, analog and digital electronics designs are employed for the acquisition of the transient experimental data.},
	author = {Salas-Cabrera, R and Martinez-Hernandez, O and Castillo-Ibarra, R and Rosas-Caro, J C and Gonzalez-Rodriguez, A and Salas-Cabrera, E N and Cisneros-Villegas, H and Castillo-Gutierrez, R and Hernandez-Palmer, G},
	date = {2010},
	file = {/Users/johannespusicha/Zotero/storage/WLYRUNNA/Salas-Cabrera et al. - 2010 - On the Modeling and Parametric Identification of a .pdf},
	keywords = {{\"a}hnliches Thema,durcharbeiten},
	langid = {english},
	pages = {7},
	title = {On the {{Modeling}} and {{Parametric Identification}} of a {{Motor-Generator Set}}}}

@article{schlottbohmIdentifikationAntriebsmodellsFur2013,
	author = {Schlottbohm, T and Montel, M and Thielecke, F},
	date = {2013},
	file = {/Users/johannespusicha/Zotero/storage/3NV9YV83/Schlottbohm et al. - 2013 - Identifikation eines Antriebsmodells f{\"u}r den Flugv.pdf},
	keywords = {C Stapel},
	langid = {ngerman},
	pages = {11},
	title = {Identifikation eines Antriebsmodells f{\"u}r den Flugversuchstr{\"a}ger UW-9 Sprint}}

@book{schmittMethodenZurModellbildung2019,
	author = {Schmitt, Thomas Lienhard and Andres, Markus},
	date = {2019},
	file = {/Users/johannespusicha/Zotero/storage/XR4F44J9/Schmitt_Andres_2019_Methoden zur Modellbildung und Simulation mechatronischer Systeme.pdf},
	isbn = {978-3-658-25088-1},
	keywords = {B Stapel},
	langid = {german},
	location = {{Wiesbaden [Heidelberg]}},
	pagetotal = {643},
	publisher = {{Springer Vieweg}},
	series = {Lehrbuch},
	shorttitle = {Methoden zur Modellbildung und Simulation mechatronischer Systeme},
	title = {Methoden zur Modellbildung und Simulation mechatronischer Systeme: Bondgraphen, objektorientierte Modellierungstechniken und numerische Integrationsverfahren}}

@book{schmittMethodenZurModellbildung2019a,
	author = {Schmitt, Thomas Lienhard and Andres, Markus},
	date = {2019},
	doi = {10.1007/978-3-658-25089-8},
	file = {/Users/johannespusicha/Zotero/storage/5WPTRPFQ/Schmitt und Andres - 2019 - Methoden zur Modellbildung und Simulation mechatro.pdf},
	isbn = {978-3-658-25088-1 978-3-658-25089-8},
	langid = {ngerman},
	location = {{Wiesbaden}},
	publisher = {{Springer Fachmedien Wiesbaden}},
	shorttitle = {Methoden zur Modellbildung und Simulation mechatronischer Systeme},
	title = {Methoden zur Modellbildung und Simulation mechatronischer Systeme: Bondgraphen, objektorientierte Modellierungstechniken und numerische Integrationsverfahren},
	bdsk-url-1 = {https://doi.org/10.1007/978-3-658-25089-8}}

@book{schonfeldElektrischeAntriebeBewegungsanalyse1995,
	author = {Sch{\"o}nfeld, Rolf},
	date = {1995},
	file = {/Users/johannespusicha/Zotero/storage/9L4I6F6N/Sch{\"o}nfeld - 1995 - Elektrische Antriebe Bewegungsanalyse, Drehmoment.pdf},
	isbn = {978-3-540-59213-6},
	langid = {ngerman},
	location = {{Berlin Heidelberg}},
	pagetotal = {323},
	publisher = {{Springer}},
	shorttitle = {Elektrische Antriebe},
	title = {Elektrische Antriebe: Bewegungsanalyse, Drehmomentsteuerung, Bewegungssteuerung}}

@book{schroderElektrischeAntriebeRegelung2015,
	author = {Schr{\"o}der, Dierk},
	date = {2015},
	doi = {10.1007/978-3-642-30096-7},
	file = {/Users/johannespusicha/Zotero/storage/2V4PZX6A/Elektrische Antriebe -- Regelung von Antriebssystemen.pdf},
	isbn = {978-3-642-30096-7},
	keywords = {B Stapel,Elektrische Maschinen,Modelica},
	langid = {ngerman},
	location = {{Berlin, Heidelberg}},
	publisher = {{Springer Berlin Heidelberg}},
	title = {Elektrische Antriebe - Regelung von Antriebssystemen},
	bdsk-url-1 = {https://doi.org/10.1007/978-3-642-30096-7}}

@incollection{schroderIdentifikationLinearerDynamischer2015,
	abstract = {Die Identifikation linearer dynamischer Systeme ist ein umfassend erforschtes Gebiet. In diesem Kapitel sollen die wichtigsten linearen Modellstrukturen und Identifikationsverfahren vorgestellt werden. Es werden prinzipielle Unterschiede zwischen den Identifikationsverfahren erl{\"a}utert und an Simulationsbeispielen veranschaulicht. Detaillierte Ausf{\"u}hrungen zur Identifikation linearer dynamischer Systeme k{\"o}nnen z.B. in [961, 962, 966, 967] und insbesondere in [33] gefunden werden. Die Identifikation von linearen dynamischen Systemen ist eine wichtige Voraussetzung, um aussagekr{\"a}ftige Modelle des betrachteten Systems zu erhalten. Mit diesen aussagekr{\"a}ftigen Modellen k{\"o}nnen dann Simulationen durchgef{\"u}hrt werden, um eine gezielte Analyse der Aufgabenstellung im Vorfeld praktischer Untersuchungen durchzuf{\"u}hren und damit aufwendige und teure praktische Experimente m{\"o}glichst zu minimieren oder sogar ganz zu vermeiden. Insofern ist eine physikalisch interpretierbare und konvergente Identifikation von gr{\"o}{\ss}ter Bedeutung.},
	author = {Schr{\"o}der, Dierk},
	booktitle = {Elektrische {{Antriebe}} - {{Regelung}} von {{Antriebssystemen}}},
	date = {2015},
	doi = {10.1007/978-3-642-30096-7_18},
	editor = {Schr{\"o}der, Dierk},
	isbn = {978-3-642-30096-7},
	keywords = {C Stapel},
	location = {{Berlin, Heidelberg}},
	pages = {1150--1187},
	publisher = {{Springer Berlin Heidelberg}},
	title = {Identifikation Linearer Dynamischer {{Systeme}}},
	bdsk-url-1 = {https://doi.org/10.1007/978-3-642-30096-7_18}}

@misc{Sereinprufung150kVA2018,
	date = {2018},
	file = {V\:\\prak\\J.Pusicha\\02_BA\\02_Literatur\\Handb{\"u}cher\\AJR\\Serienpr{\"u}fung_SN9503003841\\Endpr{\"u}fung_Komplettanlage\\Protokoll\\9503003841_Serienpr{\"u}fung.pdf},
	title = {Sereinpr{\"u}fung {{150kVA}}}}

@book{stegmaierRegelungAntriebsstrangprufstanden2019,
	author = {Stegmaier, Nicolai},
	date = {2019},
	doi = {10.1007/978-3-658-24270-1},
	file = {/Users/johannespusicha/Zotero/storage/HWV8URB3/Stegmaier - 2019 - Regelung von Antriebsstrangpr{\"u}fst{\"a}nden.pdf},
	isbn = {978-3-658-24269-5 978-3-658-24270-1},
	keywords = {C Stapel},
	location = {{Wiesbaden}},
	publisher = {{Springer Fachmedien Wiesbaden}},
	series = {Wissenschaftliche {{Reihe Fahrzeugtechnik Universit{\"a}t Stuttgart}}},
	title = {Regelung von {{Antriebsstrangpr{\"u}fst{\"a}nden}}},
	bdsk-url-1 = {https://doi.org/10.1007/978-3-658-24270-1}}

@book{stollNewModelingApproach2003,
	author = {Stoll, Sorn},
	date = {2003},
	edition = {Als Ms. gedruckt},
	isbn = {978-3-18-397608-9 3-18-397608-0},
	keywords = {Dezentrale Energieversorgung,Einfamilienhaus,Energiemanagement,Erneuerbare Energien,Hochschulschrift,Leistungsbewertung,Modellierung,pdf besorgen},
	langid = {english},
	location = {{D{\"u}sseldorf}},
	number = {Nr. 976},
	pagetotal = {152},
	publisher = {{VDI-Verl}},
	series = {Fortschrittberichte {{VDI}} : {{Reihe}} 8, {{Me{\ss}-}}, {{Steuerungs-}} Und {{Regelungstechnik}}},
	title = {A New Modeling Approach to Analyze and Optimize the Performance of Power Systems}}

@article{storkleModellierungUndRegelung2012,
	author = {St{\"o}rkle, Johannes},
	date = {2012-09-27},
	file = {/Users/johannespusicha/Zotero/storage/P2ISS3XA/St{\"o}rkle - Modellierung und Regelung des hydraulischen Antrie.pdf},
	langid = {ngerman},
	pages = {104},
	title = {Modellierung und Regelung des hydraulischen Antriebs einer Feuerwehrdrehleiter}}

@article{sturmNeuronaleNetzeZur,
	author = {Sturm, Michael},
	file = {/Users/johannespusicha/Zotero/storage/BDTFV368/Sturm - Neuronale Netze zur Modellbildung in der Regelungs.pdf},
	keywords = {C Stapel},
	langid = {ngerman},
	pages = {150},
	title = {Neuronale Netze zur Modellbildung in der Regelungstechnik}}

@inproceedings{sutherlandSystemLevelDesignTrade2016,
	abstract = {This paper describes an approach and tool to conduct System-Level Design Trades Studies utilizing Modelica by way of Multi Objective Decision Analysis (MODA). Requirements for this being identified from the problems experienced on student Solar-Boat project.},
	author = {Sutherland, Joshua and Oizumi, Kazuya and Aoyama, Kazuhiro and Takahashi, Naoki and Eguchi, Takao},
	date = {2016-05-18},
	doi = {10.3384/ecp1612461},
	eventtitle = {Deployment of High-Fidelity Vehicle Models for Accurate Real-Time Simulation},
	file = {/Users/johannespusicha/Zotero/storage/JYAC9F2F/System-Level_Design_Trade_Studies_by_Multi_Objecti.pdf},
	langid = {english},
	pages = {61--69},
	title = {System-{{Level Design Trade Studies}} by {{Multi Objective Decision Analysis}} ({{MODA}}) Utilizing {{Modelica}}},
	bdsk-url-1 = {https://doi.org/10.3384/ecp1612461}}

@inproceedings{thieriotDesignOptimizationOpenModelica2011,
	abstract = {One of the main goals when modeling a physical system is to optimize its design or configuration. Currently existing platforms are often dependent on commercial software or are based on in-house and special-purpose development tools. These two alternatives present disadvantages that limit sharing and reusability. The same assessment has partly motivated the origin of the Modelica language itself. In this paper, a new optimization platform called OMOptim is presented. Intrinsically linked with OpenModelica, this platform is mainly aimed at facilitating optimization algorithm development, as well as application use together with models. A first version is already available and three test cases of which one using respectively Dymola and two using OpenModelica are presented. Future developments and design considerations of OMOptim but also of related OpenModelica computation functions are also discussed.},
	author = {Thieriot, Hubert and Nemera, Maroun and Torabzadeh-Tari, Mohsen and Fritzson, Peter and Singh, Rajiv and Kocherry, John John},
	date = {2011-06-30},
	doi = {10.3384/ecp11063756},
	eventtitle = {The 8th {{International Modelica Conference}}, {{Technical Univeristy}}, {{Dresden}}, {{Germany}}},
	file = {/Users/johannespusicha/Zotero/storage/LBF6BRG5/Towards_Design_Optimization_with_OpenModelica_Emph.pdf},
	keywords = {C Stapel},
	langid = {english},
	pages = {756--762},
	title = {Towards {{Design Optimization}} with {{OpenModelica Emphasizing Parameter Optimization}} with {{Genetic Algorithms}}},
	bdsk-url-1 = {https://doi.org/10.3384/ecp11063756}}

@online{tillerModelicaExample2014,
	author = {Tiller, Dr. Michael M.},
	date = {2014-05},
	langid = {english},
	organization = {{Modelica By Example}},
	title = {Modelica by {{Example}}},
	url = {https://mbe.modelica.university},
	urldate = {2022-03-01},
	bdsk-url-1 = {https://mbe.modelica.university}}

@unpublished{turschnerLeistungsmechatronischeSysteme,
	author = {Turschner, Dirk},
	file = {/Users/johannespusicha/Zotero/storage/JU9WYEVU/Skript Leistungsmechatronische Systeme.pdf},
	langid = {ngerman},
	title = {Leistungsmechatronische Systeme}}

@book{unbehauenRegelungstechnikKlassischeVerfahren2008,
	author = {Unbehauen, Heinz},
	date = {2008},
	edition = {15., {\"u}berarb. und erw. Aufl},
	file = {/Users/johannespusicha/Zotero/storage/8VF74SM9/Unbehauen - 2008 - Regelungstechnik. 1 Klassische Verfahren zur Anal.pdf},
	isbn = {978-3-8348-0497-6},
	keywords = {A Stapel},
	langid = {ngerman},
	location = {{Wiesbaden}},
	pagetotal = {401},
	publisher = {{Vieweg+Teubner}},
	series = {Studium},
	shorttitle = {Regelungstechnik. 1},
	title = {Regelungstechnik. 1: Klassische Verfahren zur Analyse und Synthese linearer kontinuierlicher Regelsysteme, Fuzzy-Regelsysteme: ... 25 Tabellen}}

@book{unbehauenRegelungstechnikZustandsregelungenDigitale2009,
	author = {Unbehauen, Heinz},
	date = {2009},
	edition = {9., durchges. und korr. Aufl., korr. Nachdr},
	file = {/Users/johannespusicha/Zotero/storage/XD93CV7A/Unbehauen2007_Book_RegelungstechnikII.pdf},
	isbn = {978-3-528-83348-0},
	langid = {ngerman},
	location = {{Wiesbaden}},
	pagetotal = {447},
	publisher = {{Vieweg + Teubner}},
	series = {Studium},
	shorttitle = {Regelungstechnik. 2},
	title = {Regelungstechnik. 2: Zustandsregelungen, digitale und nichtlineare Regelsysteme: ... 9 Tab}}

@thesis{weigelModellbildungUndParameteradaptive2004,
	author = {Weigel, Jan},
	date = {2004},
	file = {/Users/johannespusicha/Zotero/storage/JM6PVFLY/Diss_Weigel.pdf},
	institution = {{Technische Universit{\"a}t Darmstadt}},
	keywords = {C Stapel},
	langid = {ngerman},
	location = {{Darmstadt}},
	title = {Modellbildung und parameteradaptive hochdynamische Regelung eines permanenterregten Synchronlinearmotors}}

@article{weinzierlGrundfrequenzerkennungMitAKF,
	author = {Weinzierl, Dr Stefan},
	file = {/Users/johannespusicha/Zotero/storage/JDE7KMEU/Weinzierl - Audiotechnik II Digitale Audiotechnik 11. Tutoriu.pdf},
	langid = {ngerman},
	pages = {2},
	title = {Grundfrequenzerkennung mit AKF},
	volume = {Audiotechnik II Digitale Audiotechnik: 11. Tutorium}}

@misc{WickelblattAsynchron37kW,
	file = {V\:\\prak\\J.Pusicha\\02_BA\\02_Literatur\\ProAlpha\\DB225.225-2_Asynchron_Motor\\Wickelblatt_Asynchron_37kW_ocred.pdf},
	title = {Wickelblatt\_{{Asynchron}}\_{{37kW}}\_ocred.Pdf}}

@misc{WickelblattAsynchron52kW,
	file = {V\:\\prak\\J.Pusicha\\02_BA\\02_Literatur\\ProAlpha\\DB225.225-2_Asynchron_Motor\\Wickelblatt_Asynchron_52kW_ocred.pdf},
	title = {Wickelblatt\_{{Asynchron}}\_{{52kW}}\_ocred.Pdf}}

@misc{WickelblattSynchronOcred,
	file = {V\:\\prak\\J.Pusicha\\02_BA\\02_Literatur\\ProAlpha\\NTB_22.18-16_Synchron_Generator\\Wickelblatt_Synchron_ocred.pdf},
	title = {Wickelblatt\_{{Synchron}}\_ocred.Pdf}}
